

@article{fdch/papers/elsa,
title="`This is for young ears:' A Response to Elsa Justel's Marelle...",
author="Federico {Cámara Halac}",
year="2018",
journal="Open Space",
number="21",
pages="339-350",
}

@book{fdch/installation/spectral,
title={Hearing The Self: A Spectral Experience},
author={Lucia {Simonelli} and Matías {Delgadino} and Federico {Cámara Halac} },
note={For 2 PS3 Eyecams, multichannel audio, screens and participants. 1440 minutes.},
year= {2017},
month= {10},
address={Xuhui Art Museum, Shanghai, China},
publisher={International Computer Music Conference}
}

@unpublished{fdch/papers/spectral,
author = {Federico {Cámara Halac}},
title = {A Spectral Experience: Self Convolution And Face Tracking},
year = {2018},
note = {Accepted at ICMC 2018 and SEAMUS 2019 conferences},
}