
%	ICMC Bibliography file == fdn
%	Automatically generated by
%	make_icmc_bib.sh
%	fdch.github.io/tb
%	on Mon Apr  8 12:20:38 CEST 2019


@inproceedings{icmc/bbp2372.1994.098,
  author    = {Julius Smith and O. Rochesso and Davide  },
  title     = {Connections between FeedbackDelay Networks and Waveguide Networks for Digital Reverberation},
  booktitle = {Proceedings of the International Computer Music Conference, {ICMC} 1994},
  pages     = {},
  year      = {1994},
  crossref  = {icmc/1994},
  url       = {https://quod.lib.umich.edu/i/icmc/bbp2372.1994.098},
  timestamp = {},
  biburl    = {},
 bibsource = {}
}


@inproceedings{icmc/bbp2372.1994.099,
  author    = {Davide Rochesso and Julius Smith and O.  },
  title     = {Circulant Feedback Delay Networks for Sound Synthesis and Processing},
  booktitle = {Proceedings of the International Computer Music Conference, {ICMC} 1994},
  pages     = {},
  year      = {1994},
  crossref  = {icmc/1994},
  url       = {https://quod.lib.umich.edu/i/icmc/bbp2372.1994.099},
  timestamp = {},
  biburl    = {},
 bibsource = {}
}


@inproceedings{icmc/bbp2372.1994.089,
  author    = { Christopher Burns},
  title     = {Emergent Behavior from Idiosyncratic Feedback Networks},
  booktitle = {Proceedings of the International Computer Music Conference, {ICMC} 2003},
  pages     = {},
  year      = {2003},
  crossref  = {icmc/2003},
  url       = {https://quod.lib.umich.edu/i/icmc/bbp2372.1994.089/1},
  timestamp = {},
  biburl    = {},
 bibsource = {}
}


@inproceedings{icmc/bbp2372.2012.006,
  author    = {Andrea Valle and Dario Sanfilippo },
  title     = {TOWARDS A TYPOLOGY OF FEEDBACK SYSTEMS},
  booktitle = {Proceedings of the International Computer Music Conference, {ICMC} 2012},
  pages     = {},
  year      = {2012},
  crossref  = {icmc/2012},
  url       = {https://quod.lib.umich.edu/i/icmc/bbp2372.2012.006},
  timestamp = {},
  biburl    = {},
 bibsource = {}
}


@inproceedings{icmc/bbp2372.2012.040,
  author    = {Dario Sanfilippo and Andrea Valle },
  title     = {HETEROGENEOUSLY-COUPLED FEEDBACK SYSTEMS: THE BAR DOT PROJECT},
  booktitle = {Proceedings of the International Computer Music Conference, {ICMC} 2012},
  pages     = {},
  year      = {2012},
  crossref  = {icmc/2012},
  url       = {https://quod.lib.umich.edu/i/icmc/bbp2372.2012.040},
  timestamp = {},
  biburl    = {},
 bibsource = {}
}


@inproceedings{icmc/bbp2372.2015.014,
  author    = {Greg Surges and Tamara Smyth and Miller Puckette },
  title     = {Generative Feedback Networks Using Time-Varying Allpass Filters},
  booktitle = {Proceedings of the International Computer Music Conference, {ICMC} 2015},
  pages     = {},
  year      = {2015},
  crossref  = {icmc/2015},
  url       = {https://quod.lib.umich.edu/i/icmc/bbp2372.2015.014},
  timestamp = {},
  biburl    = {},
 bibsource = {}
}


@inproceedings{icmc/bbp2372.2015.048,
  author    = {Hans Anderson and Kin Wah and Clifford Edward and Simon Lin },
  title     = {Flatter Frequency Response from Feedback Delay Network Reverbs},
  booktitle = {Proceedings of the International Computer Music Conference, {ICMC} 2015},
  pages     = {},
  year      = {2015},
  crossref  = {icmc/2015},
  url       = {https://quod.lib.umich.edu/i/icmc/bbp2372.2015.048},
  timestamp = {},
  biburl    = {},
 bibsource = {}
}


@inproceedings{icmc/bbp23722015.054,
  author    = { Tom Erbe},
  title     = {Building the Erbe-Verb: Extending the Feedback Delay Network Reverb for Modular Synthesizer Use},
  booktitle = {Proceedings of the International Computer Music Conference, {ICMC} 2015},
  pages     = {},
  year      = {2015},
  crossref  = {icmc/2015},
  url       = {https://quod.lib.umich.edu/i/icmc/bbp2372.2015.054},
  timestamp = {},
  biburl    = {},
 bibsource = {}
}

