
%	ICMC Bibliography file
%	Automatically generated by
%	make_icmc_bib.sh
%	fdch.github.io/tb
%	on Sun Dec 30 21:13:31 CET 2018


@inproceedings{DBLP:conf/icmc/Cambouropoulos01,
  author    = {Emilios Cambouropoulos},
  title     = {The Local Boundary Detection Model {(LBDM)} and its Application in
               the Study of Expressive Timing},
  booktitle = {{ICMC}},
  publisher = {Michigan Publishing},
  year      = {2001}
}


@inproceedings{icmc/bbp2372.1978.012,
  author    = {William Buxton and William Reeves and Ronald Baecker and Leslie Mezei },
  title     = {The Use of Hierarchy and Instance in a Data Structure for Computer Music},
  booktitle = {Proceedings of the International Computer Music Conference, {ICMC} 1978},
  pages     = {},
  year      = {1978},
  crossref  = {DBLP:conf/icmc/1978},
  url       = {https://quod.lib.umich.edu/i/icmc/bbp2372.1978.012/1},
  timestamp = {},
  biburl    = {},
 bibsource = {}
}

@inproceedings{DBLP:conf/icmc/BuxtonFBRSCM78,
  author    = {William Buxton and
               Guy Fedorkow and
               Ronald Baecker and
               William T. Reeves and
               Kenneth C. Smith and
               Gustav Ciamaga and
               Leslie Mezei},
  title     = {An Overview of the Structured Sound Synthesis Project},
  booktitle = {Proceedings of the 1978 International Computer Music Conference, {ICMC}
               1978, Evanston, Illinois, USA, 1978},
  year      = {1978},
  crossref  = {DBLP:conf/icmc/1978},
  url       = {http://hdl.handle.net/2027/spo.bbp2372.1978.031},
  timestamp = {Thu, 04 Feb 2016 16:18:58 +0100},
  biburl    = {https://dblp.org/rec/bib/conf/icmc/BuxtonFBRSCM78},
  bibsource = {dblp computer science bibliography, https://dblp.org}
}
@inproceedings{DBLP:conf/icmc/BuxtonPRB80,
  author    = {William Buxton and
               Sanand Patel and
               William T. Reeves and
               Ronald Baecker},
  title     = {"OBJED" and the Design of Timbral Resources},
  booktitle = {Proceedings of the 1980 International Computer Music Conference, {ICMC}
               1980, New York City, USA, 1980},
  year      = {1980},
  crossref  = {DBLP:conf/icmc/1980},
  url       = {http://hdl.handle.net/2027/spo.bbp2372.1980.006},
  timestamp = {Thu, 04 Feb 2016 16:19:04 +0100},
  biburl    = {https://dblp.org/rec/bib/conf/icmc/BuxtonPRB80},
  bibsource = {dblp computer science bibliography, https://dblp.org}
}
@inproceedings{icmc/bbp2372.1980.020,
  author    = { Peter J. Clements},
  title     = {Musical Data Structures in a Multi-Use Environment},
  booktitle = {Proceedings of the International Computer Music Conference, {ICMC} 1980},
  pages     = {},
  year      = {1980},
  crossref  = {DBLP:conf/icmc/1980},
  url       = {https://quod.lib.umich.edu/i/icmc/bbp2372.1980.020/1},
  timestamp = {},
  biburl    = {},
 bibsource = {}
}


@inproceedings{icmc/bbp2372.1980.021,
  author    = { Alexander R. Brinkman},
  title     = {A Binomial Representation of the Pitch Parameter for Computer Processing of Musical Data},
  booktitle = {Proceedings of the International Computer Music Conference, {ICMC} 1980},
  pages     = {},
  year      = {1980},
  crossref  = {DBLP:conf/icmc/1980},
  url       = {https://quod.lib.umich.edu/i/icmc/bbp2372.1980.021/1},
  timestamp = {},
  biburl    = {},
 bibsource = {}
}


@inproceedings{icmc/bbp2372.1980.051,
  author    = { Hlne Charnass},
  title     = {Towards a Data Base in Musicology: The Computer Processing of the Bridgman File},
  booktitle = {Proceedings of the International Computer Music Conference, {ICMC} 1980},
  pages     = {},
  year      = {1980},
  crossref  = {DBLP:conf/icmc/1980},
  url       = {https://quod.lib.umich.edu/i/icmc/bbp2372.1980.051/1},
  timestamp = {},
  biburl    = {},
 bibsource = {}
}

@inproceedings{DBLP:conf/icmc/PucketteVS81,
  author    = {Miller Puckette and
               Barry Vercoe and
               John P. Stautner},
  title     = {A Real-time Music 11 Emulator},
  booktitle = {Proceedings of the 1981 International Computer Music Conference, {ICMC}
               1981, Denton, Texas, USA, 1981},
  year      = {1981},
  crossref  = {DBLP:conf/icmc/1981},
  url       = {http://hdl.handle.net/2027/spo.bbp2372.1981.036},
  timestamp = {Mon, 15 Feb 2016 12:55:42 +0100},
  biburl    = {https://dblp.org/rec/bib/conf/icmc/PucketteVS81},
  bibsource = {dblp computer science bibliography, https://dblp.org}
}

@inproceedings{icmc/bbp2372.1981.018,
  author    = { Alexander R. Brinkman},
  title     = {Data Structures for a Music-11 Preprocessor},
  booktitle = {Proceedings of the International Computer Music Conference, {ICMC} 1981},
  pages     = {},
  year      = {1981},
  crossref  = {DBLP:conf/icmc/1981},
  url       = {https://quod.lib.umich.edu/i/icmc/bbp2372.1981.018/1},
  timestamp = {},
  biburl    = {},
 bibsource = {}
}


@inproceedings{icmc/bbp2372.1981.042,
  author    = { James W. Beauchamp},
  title     = {Data Reduction and Resynthesis of Connected Solo Passages using Frequency, Amplitude, and Brightness Detection and the Nonlinear Synthesis Technique},
  booktitle = {Proceedings of the International Computer Music Conference, {ICMC} 1981},
  pages     = {},
  year      = {1981},
  crossref  = {DBLP:conf/icmc/1981},
  url       = {https://quod.lib.umich.edu/i/icmc/bbp2372.1981.042/1},
  timestamp = {},
  biburl    = {},
 bibsource = {}
}

@inproceedings{icmc/bbp2372.1983.002,
  author    = { Alexander R. Brinkman},
  title     = {A Design for a Single Pass Scanner for the DARMS Music Coding Language},
  booktitle = {Proceedings of the International Computer Music Conference, {ICMC} 1980},
  pages     = {},
  year      = {1983},
  crossref  = {DBLP:conf/icmc/1983},
  url       = {https://quod.lib.umich.edu/i/icmc/bbp2372.1983.002/1},
  timestamp = {},
  biburl    = {},
 bibsource = {}
} 
@inproceedings{icmc/bbp2372.1984.033,
  author    = { Alexander R. Brinkman},
  title     = {A Data Structure for Computer Analysis of Musical Scores},
  booktitle = {Proceedings of the International Computer Music Conference, {ICMC} 1984},
  pages     = {},
  year      = {1984},
  crossref  = {DBLP:conf/icmc/1984},
  url       = {https://quod.lib.umich.edu/i/icmc/bbp2372.1984.033/1},
  timestamp = {},
  biburl    = {},
 bibsource = {}
}


@inproceedings{icmc/bbp2372.1985.006,
  author    = { Timothy A. Wilson},
  title     = {Data Reduction of Musical Signals},
  booktitle = {Proceedings of the International Computer Music Conference, {ICMC} 1985},
  pages     = {},
  year      = {1985},
  crossref  = {DBLP:conf/icmc/1985},
  url       = {https://quod.lib.umich.edu/i/icmc/bbp2372.1985.006/1},
  timestamp = {},
  biburl    = {},
 bibsource = {}
}


@inproceedings{icmc/bbp2372.1985.040,
  author    = { Charles Ames},
  title     = {Applications of Linked Data Structures to Automated Composition},
  booktitle = {Proceedings of the International Computer Music Conference, {ICMC} 1985},
  pages     = {},
  year      = {1985},
  crossref  = {DBLP:conf/icmc/1985},
  url       = {https://quod.lib.umich.edu/i/icmc/bbp2372.1985.040/1},
  timestamp = {},
  biburl    = {},
 bibsource = {}
}
@inproceedings{DBLP:conf/icmc/BoyntonDPR86,
  author    = {Lee Boynton and
               Jacques Duthen and
               Yves Potard and
               Xavier Rodet},
  title     = {Adding a Graphical User Interface to {FORMES}},
  booktitle = {Proceedings of the 1986 International Computer Music Conference, {ICMC}
               1986, Den Haag, The Netherlands, October 20-24, 1986},
  year      = {1986},
  crossref  = {DBLP:conf/icmc/1986},
  url       = {http://hdl.handle.net/2027/spo.bbp2372.1986.025},
  timestamp = {Wed, 17 Feb 2016 13:13:54 +0100},
  biburl    = {https://dblp.org/rec/bib/conf/icmc/BoyntonDPR86},
  bibsource = {dblp computer science bibliography, https://dblp.org}
}
@inproceedings{DBLP:conf/icmc/Puckette86,
  author    = {Miller Puckette},
  title     = {Interprocess Communication and Timing in Real-Time Computer Music
               Performance},
  booktitle = {Proceedings of the 1986 International Computer Music Conference, {ICMC}
               1986, Den Haag, The Netherlands, October 20-24, 1986},
  year      = {1986},
  crossref  = {DBLP:conf/icmc/1986},
  url       = {http://hdl.handle.net/2027/spo.bbp2372.1986.008},
  timestamp = {Wed, 17 Feb 2016 13:13:54 +0100},
  biburl    = {https://dblp.org/rec/bib/conf/icmc/Puckette86},
  bibsource = {dblp computer science bibliography, https://dblp.org}
}
@inproceedings{DBLP:conf/icmc/FreeV86,
  author    = {John Free and
               Paul Vytas},
  title     = {What Ever Happened to SSSP?},
  booktitle = {Proceedings of the 1986 International Computer Music Conference, {ICMC}
               1986, Den Haag, The Netherlands, October 20-24, 1986},
  year      = {1986},
  crossref  = {DBLP:conf/icmc/1986},
  url       = {http://hdl.handle.net/2027/spo.bbp2372.1986.004},
  timestamp = {Wed, 17 Feb 2016 13:13:54 +0100},
  biburl    = {https://dblp.org/rec/bib/conf/icmc/FreeV86},
  bibsource = {dblp computer science bibliography, https://dblp.org}
}
@inproceedings{icmc/bbp2372.1987.045,
  author    = { J. Stephen Dydo},
  title     = {Data Structures in the Note Processor},
  booktitle = {Proceedings of the International Computer Music Conference, {ICMC} 1987},
  pages     = {},
  year      = {1987},
  crossref  = {DBLP:conf/icmc/1987},
  url       = {https://quod.lib.umich.edu/i/icmc/bbp2372.1987.045/1},
  timestamp = {},
  biburl    = {},
 bibsource = {}
}


@inproceedings{icmc/bbp2372.1987.046,
  author    = { John Free},
  title     = {Towards an Extensible Data Structure for the Representation of Music on Computers},
  booktitle = {Proceedings of the International Computer Music Conference, {ICMC} 1987},
  pages     = {},
  year      = {1987},
  crossref  = {DBLP:conf/icmc/1987},
  url       = {https://quod.lib.umich.edu/i/icmc/bbp2372.1987.046/1},
  timestamp = {},
  biburl    = {},
 bibsource = {}
}
@inproceedings{DBLP:conf/icmc/Scaletti87,
  author    = {Carla A. Scaletti},
  title     = {Kyma: An Object-oriented Language for Music Composition},
  booktitle = {Proceedings of the 1987 International Computer Music Conference, {ICMC}
               1987, Champaign/Urbana, Illinois, USA, August 23-26, 1987},
  year      = {1987},
  crossref  = {DBLP:conf/icmc/1987},
  url       = {http://hdl.handle.net/2027/spo.bbp2372.1987.007},
  timestamp = {Thu, 18 Feb 2016 14:14:37 +0100},
  biburl    = {https://dblp.org/rec/bib/conf/icmc/Scaletti87},
  bibsource = {dblp computer science bibliography, https://dblp.org}
}
@inproceedings{DBLP:conf/icmc/RodetDP88,
  author    = {Xavier Rodet and
               Philippe Depalle and
               Gilles Poirot},
  title     = {Diphone Sound Synthesis Based on Spectral Envelopes and Harmonic/Noise
               Excitation Functions},
  booktitle = {Proceedings of the 1988 International Computer Music Conference, {ICMC}
               1988, Cologne, Germany, September 20-25, 1988},
  year      = {1988},
  crossref  = {DBLP:conf/icmc/1988},
  url       = {http://hdl.handle.net/2027/spo.bbp2372.1988.033},
  timestamp = {Fri, 19 Feb 2016 13:34:23 +0100},
  biburl    = {https://dblp.org/rec/bib/conf/icmc/RodetDP88},
  bibsource = {dblp computer science bibliography, https://dblp.org}
}
@inproceedings{DBLP:conf/icmc/Puckette88,
  author    = {Miller Puckette},
  title     = {The Patcher},
  booktitle = {Proceedings of the 1988 International Computer Music Conference, {ICMC}
               1988, Cologne, Germany, September 20-25, 1988},
  year      = {1988},
  crossref  = {DBLP:conf/icmc/1988},
  url       = {http://hdl.handle.net/2027/spo.bbp2372.1988.046},
  timestamp = {Fri, 19 Feb 2016 13:34:23 +0100},
  biburl    = {https://dblp.org/rec/bib/conf/icmc/Puckette88},
  bibsource = {dblp computer science bibliography, https://dblp.org}
}
@inproceedings{DBLP:conf/icmc/FreeV88,
  author    = {John Free and
               Paul Vytas},
  title     = {The {CAMP} Music Configuration Database},
  booktitle = {Proceedings of the 1988 International Computer Music Conference, {ICMC}
               1988, Cologne, Germany, September 20-25, 1988},
  year      = {1988},
  crossref  = {DBLP:conf/icmc/1988},
  url       = {http://hdl.handle.net/2027/spo.bbp2372.1988.014},
  timestamp = {Fri, 19 Feb 2016 13:34:23 +0100},
  biburl    = {https://dblp.org/rec/bib/conf/icmc/FreeV88},
  bibsource = {dblp computer science bibliography, https://dblp.org}
}
@inproceedings{icmc/bbp2372.1988.020,
  author    = { Glendon Diener},
  title     = {TTrees: An Active Data Structure for Computer Music},
  booktitle = {Proceedings of the International Computer Music Conference, {ICMC} 1988},
  pages     = {},
  year      = {1988},
  crossref  = {DBLP:conf/icmc/1988},
  url       = {https://quod.lib.umich.edu/i/icmc/bbp2372.1988.020/1},
  timestamp = {},
  biburl    = {},
 bibsource = {}
}


@inproceedings{icmc/bbp2372.1988.043,
  author    = {A. Chaigne and F. Troxler },
  title     = {SONATE: An analysis/synthesis system of musical sounds based on perceptual data},
  booktitle = {Proceedings of the International Computer Music Conference, {ICMC} 1988},
  pages     = {},
  year      = {1988},
  crossref  = {DBLP:conf/icmc/1988},
  url       = {https://quod.lib.umich.edu/i/icmc/bbp2372.1988.043/1},
  timestamp = {},
  biburl    = {},
 bibsource = {}
}
@inproceedings{DBLP:conf/icmc/Lindemann90a,
  author    = {Eric Lindemann},
  title     = {{ANIMAL-A} Rapid Prototyping Environment for Computer Music Systems},
  booktitle = {Proceedings of the 1990 International Computer Music Conference, {ICMC}
               1990, Glasgow, Scotland, September 10-15, 1990},
  year      = {1990},
  crossref  = {DBLP:conf/icmc/1990},
  url       = {http://hdl.handle.net/2027/spo.bbp2372.1990.068},
  timestamp = {Wed, 03 Feb 2016 14:17:40 +0100},
  biburl    = {https://dblp.org/rec/bib/conf/icmc/Lindemann90a},
  bibsource = {dblp computer science bibliography, https://dblp.org}
}

@inproceedings{icmc/bbp2372.1990.017,
  author    = {Bernhard Feiten and Tamas Ungvary },
  title     = {Sound Data Base Using Spectral Analysis Reduction and an Additive Sythesis Model},
  booktitle = {Proceedings of the International Computer Music Conference, {ICMC} 1990},
  pages     = {},
  year      = {1990},
  crossref  = {DBLP:conf/icmc/1990},
  url       = {https://quod.lib.umich.edu/i/icmc/bbp2372.1990.017/1},
  timestamp = {},
  biburl    = {},
 bibsource = {}
}


@inproceedings{icmc/bbp2372.1991.037,
  author    = {Tom Maglione and Barry Vercoe },
  title     = {A Platform for Real-Time Perceptually-Based Audio Data Reduction},
  booktitle = {Proceedings of the International Computer Music Conference, {ICMC} 1991},
  pages     = {},
  year      = {1991},
  crossref  = {DBLP:conf/icmc/1991},
  url       = {https://quod.lib.umich.edu/i/icmc/bbp2372.1991.037/1},
  timestamp = {},
  biburl    = {},
 bibsource = {}
}


@inproceedings{icmc/bbp2372.1991.052,
  author    = {Gregory Kramer and Stephen Ellison },
  title     = {Audification: The Use of Sound to Display Multivariate Data},
  booktitle = {Proceedings of the International Computer Music Conference, {ICMC} 1991},
  pages     = {},
  year      = {1991},
  crossref  = {DBLP:conf/icmc/1991},
  url       = {https://quod.lib.umich.edu/i/icmc/bbp2372.1991.052/1},
  timestamp = {},
  biburl    = {},
 bibsource = {}
}


@inproceedings{icmc/bbp2372.1991.128,
  author    = {R. Crandell and M. Minnick },
  title     = {Parallel Transform Method for Lossless Compression on Analog Data},
  booktitle = {Proceedings of the International Computer Music Conference, {ICMC} 1991},
  pages     = {},
  year      = {1991},
  crossref  = {DBLP:conf/icmc/1991},
  url       = {https://quod.lib.umich.edu/i/icmc/bbp2372.1991.128/1},
  timestamp = {},
  biburl    = {},
 bibsource = {}
}


@inproceedings{icmc/bbp2372.1991.138,
  author    = { Andranick Tanguiane},
  title     = {The Criterion of Data Complexity in Rhythm Recognition},
  booktitle = {Proceedings of the International Computer Music Conference, {ICMC} 1991},
  pages     = {},
  year      = {1991},
  crossref  = {DBLP:conf/icmc/1991},
  url       = {https://quod.lib.umich.edu/i/icmc/bbp2372.1991.138/1},
  timestamp = {},
  biburl    = {},
 bibsource = {}
}
@inproceedings{DBLP:conf/icmc/BaumanDM91,
  author    = {Marcia L. Bauman and
               Glendon R. Diener and
               Max V. Mathews},
  title     = {The International Digital Electroacoustic Music Archive},
  booktitle = {Proceedings of the 1991 International Computer Music Conference, {ICMC}
               1991, Montreal, Quebec, Canada, October 16-20, 1991},
  year      = {1991},
  crossref  = {DBLP:conf/icmc/1991},
  url       = {http://hdl.handle.net/2027/spo.bbp2372.1991.122},
  timestamp = {Sat, 06 Feb 2016 14:00:57 +0100},
  biburl    = {https://dblp.org/rec/bib/conf/icmc/BaumanDM91},
  bibsource = {dblp computer science bibliography, https://dblp.org}
}

@inproceedings{DBLP:conf/icmc/Diener92,
  author    = {Glendon R. Diener},
  title     = {A Visual Programming Environment for Music Notation},
  booktitle = {Proceedings of the 1992 International Computer Music Conference, {ICMC}
               1992, San Jose, California, USA, October 14-18, 1992},
  year      = {1992},
  crossref  = {DBLP:conf/icmc/1992},
  url       = {http://hdl.handle.net/2027/spo.bbp2372.1992.030},
  timestamp = {Mon, 08 Feb 2016 16:22:43 +0100},
  biburl    = {https://dblp.org/rec/bib/conf/icmc/Diener92},
  bibsource = {dblp computer science bibliography, https://dblp.org}
}
@inproceedings{DBLP:conf/icmc/DepalleRGE93,
  author    = {Philippe Depalle and
               Xavier Rodet and
               Thierry Galas and
               Gerhard Eckel},
  title     = {Generalized Diphone Control},
  booktitle = {Opening a New Horizon: Proceedings of the 1993 International Computer
               Music Conference, {ICMC} 1993, Tokio, Japan, September 10-15, 1993},
  year      = {1993},
  crossref  = {DBLP:conf/icmc/1993},
  url       = {http://hdl.handle.net/2027/spo.bbp2372.1993.038},
  timestamp = {Tue, 09 Feb 2016 14:00:53 +0100},
  biburl    = {https://dblp.org/rec/bib/conf/icmc/DepalleRGE93},
  bibsource = {dblp computer science bibliography, https://dblp.org}
}
@inproceedings{icmc/bbp2372.1994.113,
  author    = { Dominique Fober},
  title     = {Real-time MIDI data flow on Ethernet and the software architecture of MidiShare},
  booktitle = {Proceedings of the International Computer Music Conference, {ICMC} 1994},
  pages     = {},
  year      = {1994},
  crossref  = {DBLP:conf/icmc/1994},
  url       = {https://quod.lib.umich.edu/i/icmc/bbp2372.1994.113/1},
  timestamp = {},
  biburl    = {},
 bibsource = {}
}
@inproceedings{DBLP:conf/icmc/BargarCDG94,
  author    = {Robin Bargar and
               Insook Choi and
               Sumit Das and
               Camille Goudeseune},
  title     = {Model based interactive sound for an immersive virtual environment},
  booktitle = {{ICMC}},
  publisher = {Michigan Publishing},
  year      = {1994}
}
@inproceedings{DBLP:conf/icmc/Choi95,
  author    = {Insook Choi},
  title     = {On Perfoming a Listener: What is Missing, Paganini?},
  booktitle = {{ICMC}},
  publisher = {Michigan Publishing},
  year      = {1995}
}
@inproceedings{DBLP:conf/icmc/ChoiBG95,
  author    = {Insook Choi and
               Robin Bargar and
               Camille Goudeseune},
  title     = {A Manifold Interface for a High Dimensional Control Space},
  booktitle = {{ICMC}},
  publisher = {Michigan Publishing},
  year      = {1995}
}
@inproceedings{DBLP:conf/icmc/RodetL96,
  author    = {Xavier Rodet and
               Adrien Lef{\`{e}}vre},
  title     = {Macintosh Graphical Interface and Improvements to Generalized Diphone
               Control and Synthesis},
  booktitle = {Proceedings of the 1996 International Computer Music Conference, {ICMC}
               1996, Hong Kong, August 19-24, 1996},
  year      = {1996},
  crossref  = {DBLP:conf/icmc/1996},
  url       = {http://hdl.handle.net/2027/spo.bbp2372.1996.102},
  timestamp = {Thu, 18 Feb 2016 12:29:12 +0100},
  biburl    = {https://dblp.org/rec/bib/conf/icmc/RodetL96},
  bibsource = {dblp computer science bibliography, https://dblp.org}
}
@inproceedings{icmc/bbp2372.1996.018,
  author    = {Tobias Kunze and Heinrich Taube },
  title     = {SEE - A Structured Event Editor: Visualizing Compositional Data in Common Music},
  booktitle = {Proceedings of the International Computer Music Conference, {ICMC} 1996},
  pages     = {},
  year      = {1996},
  crossref  = {DBLP:conf/icmc/1996},
  url       = {https://quod.lib.umich.edu/i/icmc/bbp2372.1996.018/1},
  timestamp = {},
  biburl    = {},
 bibsource = {}
}


@inproceedings{icmc/bbp2372.1996.085,
  author    = {David Rossiter and Wai-Yin Ng },
  title     = {A System for the Musical Investigation and Expression of Levels of Self-Similarity in an Arbitrary Data Stream},
  booktitle = {Proceedings of the International Computer Music Conference, {ICMC} 1996},
  pages     = {},
  year      = {1996},
  crossref  = {DBLP:conf/icmc/1996},
  url       = {https://quod.lib.umich.edu/i/icmc/bbp2372.1996.085/1},
  timestamp = {},
  biburl    = {},
 bibsource = {}
}


@inproceedings{icmc/bbp2372.1996.099,
  author    = { Scott Levine},
  title     = {Effects Processing on Audio Subband Data},
  booktitle = {Proceedings of the International Computer Music Conference, {ICMC} 1996},
  pages     = {},
  year      = {1996},
  crossref  = {DBLP:conf/icmc/1996},
  url       = {https://quod.lib.umich.edu/i/icmc/bbp2372.1996.099/1},
  timestamp = {},
  biburl    = {},
 bibsource = {}
}
@inproceedings{DBLP:conf/icmc/McCartney96,
  author    = {James McCartney},
  title     = {SuperCollider, a New Real Time Synthesis Language},
  booktitle = {Proceedings of the 1996 International Computer Music Conference, {ICMC}
               1996, Hong Kong, August 19-24, 1996},
  year      = {1996},
  crossref  = {DBLP:conf/icmc/1996},
  url       = {http://hdl.handle.net/2027/spo.bbp2372.1996.078},
  timestamp = {Wed, 17 Feb 2016 13:13:52 +0100},
  biburl    = {https://dblp.org/rec/bib/conf/icmc/McCartney96},
  bibsource = {dblp computer science bibliography, https://dblp.org}
}
@inproceedings{DBLP:conf/icmc/RodetL97,
  author    = {Xavier Rodet and
               Adrien Lef{\`{e}}vre},
  title     = {The Diphone program: New features, new synthesis methods and experience
               of musical use},
  booktitle = {Proceedings of the 1997 International Computer Music Conference, {ICMC}
               1997, Thessaloniki, Greece, September 25-30, 1997},
  year      = {1997},
  crossref  = {DBLP:conf/icmc/1997},
  url       = {http://hdl.handle.net/2027/spo.bbp2372.1997.111},
  timestamp = {Thu, 18 Feb 2016 14:14:35 +0100},
  biburl    = {https://dblp.org/rec/bib/conf/icmc/RodetL97},
  bibsource = {dblp computer science bibliography, https://dblp.org}
}
@inproceedings{icmc/bbp2372.1997.035,
  author    = { Michael Hamman},
  title     = {Composition of Data and Process Models: a Paralogical Approach to Human/Computer Interaction},
  booktitle = {Proceedings of the International Computer Music Conference, {ICMC} 1997},
  pages     = {},
  year      = {1997},
  crossref  = {DBLP:conf/icmc/1997},
  url       = {https://quod.lib.umich.edu/i/icmc/bbp2372.1997.035/1},
  timestamp = {},
  biburl    = {},
 bibsource = {}
}
@inproceedings{DBLP:conf/icmc/GartonT97,
  author    = {Brad Garton and
               David Topper},
  title     = {RTcmix - Using {CMIX} in Real Time},
  booktitle = {Proceedings of the 1997 International Computer Music Conference, {ICMC}
               1997, Thessaloniki, Greece, September 25-30, 1997},
  year      = {1997},
  crossref  = {DBLP:conf/icmc/1997},
  url       = {http://hdl.handle.net/2027/spo.bbp2372.1997.106},
  timestamp = {Thu, 18 Feb 2016 14:14:35 +0100},
  biburl    = {https://dblp.org/rec/bib/conf/icmc/GartonT97},
  bibsource = {dblp computer science bibliography, https://dblp.org}
}
@inproceedings{DBLP:conf/icmc/AssayagAFH97,
  author    = {G{\'{e}}rard Assayag and
               Carlos Ag{\'{o}}n and
               Joshua Fineberg and
               Peter Hanappe},
  title     = {An Object Oriented Visual Environment For Musical Composition},
  booktitle = {Proceedings of the 1997 International Computer Music Conference, {ICMC}
               1997, Thessaloniki, Greece, September 25-30, 1997},
  year      = {1997},
  crossref  = {DBLP:conf/icmc/1997},
  url       = {http://hdl.handle.net/2027/spo.bbp2372.1997.097},
  timestamp = {Thu, 18 Feb 2016 14:14:35 +0100},
  biburl    = {https://dblp.org/rec/bib/conf/icmc/AssayagAFH97},
  bibsource = {dblp computer science bibliography, https://dblp.org}
}
@inproceedings{icmc/bbp2372.1997.060,
  author    = { Miller S. Puckette},
  title     = {Pure Data},
  booktitle = {Proceedings of the International Computer Music Conference, {ICMC} 1997},
  pages     = {},
  year      = {1997},
  crossref  = {DBLP:conf/icmc/1997},
  url       = {https://quod.lib.umich.edu/i/icmc/bbp2372.1997.060/1},
  timestamp = {},
  biburl    = {},
 bibsource = {}
}


@inproceedings{DBLP:conf/icmc/SchonerCDG98,
  author    = {Bernd Sch{\"{o}}ner and
               Chuck Cooper and
               Chris Douglas and
               Neil Gershenfeld},
  title     = {Data-driven Modeling and Synthesis of Acoustical Instruments},
  booktitle = {Proceedings of the 1998 International Computer Music Conference, {ICMC}
               1998, Ann Arbor, Michigan, USA, October 1-6, 1998},
  year      = {1998},
  crossref  = {DBLP:conf/icmc/1998},
  url       = {http://hdl.handle.net/2027/spo.bbp2372.1998.265},
  timestamp = {Mon, 22 Feb 2016 14:54:11 +0100},
  biburl    = {https://dblp.org/rec/bib/conf/icmc/SchonerCDG98},
  bibsource = {dblp computer science bibliography, https://dblp.org}
}
@inproceedings{DBLP:conf/icmc/McCartney98,
  author    = {James McCartney},
  title     = {Continued Evolution of the SuperCollider Real Time Synthesis Environment},
  booktitle = {Proceedings of the 1998 International Computer Music Conference, {ICMC}
               1998, Ann Arbor, Michigan, USA, October 1-6, 1998},
  year      = {1998},
  crossref  = {DBLP:conf/icmc/1998},
  url       = {http://hdl.handle.net/2027/spo.bbp2372.1998.262},
  timestamp = {Mon, 22 Feb 2016 14:54:11 +0100},
  biburl    = {https://dblp.org/rec/bib/conf/icmc/McCartney98},
  bibsource = {dblp computer science bibliography, https://dblp.org}
}
@inproceedings{DBLP:conf/icmc/Zicarelli98,
  author    = {David Zicarelli},
  title     = {An Extensible Real-time Signal Processing Environment for Max},
  booktitle = {Proceedings of the 1998 International Computer Music Conference, {ICMC}
               1998, Ann Arbor, Michigan, USA, October 1-6, 1998},
  year      = {1998},
  crossref  = {DBLP:conf/icmc/1998},
  url       = {http://hdl.handle.net/2027/spo.bbp2372.1998.274},
  timestamp = {Mon, 22 Feb 2016 14:54:11 +0100},
  biburl    = {https://dblp.org/rec/bib/conf/icmc/Zicarelli98},
  bibsource = {dblp computer science bibliography, https://dblp.org}
}
@inproceedings{icmc/bbp2372.1999.333,
  author    = {Guillermo Garcia and Juan Pampin },
  title     = {Data Compression of Sinusoidal Modeling Parameters Based on Psychoacoustic Masking},
  booktitle = {Proceedings of the International Computer Music Conference, {ICMC} 1999},
  pages     = {},
  year      = {1999},
  crossref  = {DBLP:conf/icmc/1999},
  url       = {https://quod.lib.umich.edu/i/icmc/bbp2372.1999.333/1},
  timestamp = {},
  biburl    = {},
 bibsource = {}
}


@inproceedings{icmc/bbp2372.1999.349,
  author    = { Tim Kreger},
  title     = {Creating Three-Dimensional Computer Animations Using Spectral Data and OpenGL},
  booktitle = {Proceedings of the International Computer Music Conference, {ICMC} 1999},
  pages     = {},
  year      = {1999},
  crossref  = {DBLP:conf/icmc/1999},
  url       = {https://quod.lib.umich.edu/i/icmc/bbp2372.1999.349/1},
  timestamp = {},
  biburl    = {},
 bibsource = {}
}


@inproceedings{icmc/bbp2372.1999.355,
  author    = {Massimo Melucci and Nicola Orio },
  title     = {The Use of Melodic Segmentation for Content-based Retrieval of Musical Data},
  booktitle = {Proceedings of the International Computer Music Conference, {ICMC} 1999},
  pages     = {},
  year      = {1999},
  crossref  = {DBLP:conf/icmc/1999},
  url       = {https://quod.lib.umich.edu/i/icmc/bbp2372.1999.355/1},
  timestamp = {},
  biburl    = {},
 bibsource = {}
}


@inproceedings{icmc/bbp2372.1999.397,
  author    = {Alberto de and Marianne Campo },
  title     = {Sonification of Social Data},
  booktitle = {Proceedings of the International Computer Music Conference, {ICMC} 1999},
  pages     = {},
  year      = {1999},
  crossref  = {DBLP:conf/icmc/1999},
  url       = {https://quod.lib.umich.edu/i/icmc/bbp2372.1999.397/1},
  timestamp = {},
  biburl    = {},
 bibsource = {}
}


@inproceedings{icmc/bbp2372.1999.411,
  author    = {Haruhiro Katayose and Hideki Kawahara },
  title     = {Applying STRAIGHT toward Music Systems - Accurate F0 Estimation and Application for Data-driven Synthesis},
  booktitle = {Proceedings of the International Computer Music Conference, {ICMC} 1999},
  pages     = {},
  year      = {1999},
  crossref  = {DBLP:conf/icmc/1999},
  url       = {https://quod.lib.umich.edu/i/icmc/bbp2372.1999.411/1},
  timestamp = {},
  biburl    = {},
 bibsource = {}
}


@inproceedings{icmc/bbp2372.1999.415,
  author    = {Suzanne Winsberg and Phillippe DePalle },
  title     = {Applications of Principal Differential Analysis, to Data Reduction and Extraction of Musical Features of Sound},
  booktitle = {Proceedings of the International Computer Music Conference, {ICMC} 1999},
  pages     = {},
  year      = {1999},
  crossref  = {DBLP:conf/icmc/1999},
  url       = {https://quod.lib.umich.edu/i/icmc/bbp2372.1999.415/1},
  timestamp = {},
  biburl    = {},
 bibsource = {}
}
@inproceedings{DBLP:conf/icmc/BargarDCBGSW00,
  author    = {Robin Bargar and
               Fran{\c{c}}ois D{\'{e}}chelle and
               Insook Choi and
               Alex Betts and
               Camille Goudeseune and
               Norbert Schnell and
               Olivier Warusfel},
  title     = {Coney Island: Combining jMax, Spat and {VSS} for Acoustic Integration
               of Spatial and Temporal Models in a Virtual Reality Installation},
  booktitle = {{ICMC}},
  publisher = {Michigan Publishing},
  year      = {2000}
}
@inproceedings{DBLP:conf/icmc/McCartney00,
  author    = {James McCartney},
  title     = {A New, Flexible Framework for Audio and Image Synthesis},
  booktitle = {Proceedings of the 2000 International Computer Music Conference, {ICMC}
               2000, Berlin, Germany, August 27 - September 1, 2000},
  year      = {2000},
  crossref  = {DBLP:conf/icmc/2000},
  url       = {http://hdl.handle.net/2027/spo.bbp2372.2000.191},
  timestamp = {Thu, 18 Feb 2016 14:14:32 +0100},
  biburl    = {https://dblp.org/rec/bib/conf/icmc/McCartney00},
  bibsource = {dblp computer science bibliography, https://dblp.org}
}
@inproceedings{DBLP:conf/icmc/SchonerCG00,
  author    = {Bernd Sch{\"{o}}ner and
               Chuck Cooper and
               Neil Gershenfeld},
  title     = {Cluster-Weighted Sampling for Synthesis and Cross-Synthesis of Violin
               Family Instruments},
  booktitle = {Proceedings of the 2000 International Computer Music Conference, {ICMC}
               2000, Berlin, Germany, August 27 - September 1, 2000},
  year      = {2000},
  crossref  = {DBLP:conf/icmc/2000},
  url       = {http://hdl.handle.net/2027/spo.bbp2372.2000.215},
  timestamp = {Thu, 18 Feb 2016 14:14:32 +0100},
  biburl    = {https://dblp.org/rec/bib/conf/icmc/SchonerCG00},
  bibsource = {dblp computer science bibliography, https://dblp.org}
}

@inproceedings{icmc/bbp2372.2000.123,
  author    = { Natasha Barrett},
  title     = {A compositional methodology based on data extracted from natural phenomena},
  booktitle = {Proceedings of the International Computer Music Conference, {ICMC} 2000},
  pages     = {},
  year      = {2000},
  crossref  = {DBLP:conf/icmc/2000},
  url       = {https://quod.lib.umich.edu/i/icmc/bbp2372.2000.123/1},
  timestamp = {},
  biburl    = {},
 bibsource = {}
}


@inproceedings{icmc/bbp2372.2000.146,
  author    = {Insook Choi and Geoffrey Zheng and Ken Chen },
  title     = {Embedding a sensory data retrieval system in a movement-sensitive space and a surround sound system},
  booktitle = {Proceedings of the International Computer Music Conference, {ICMC} 2000},
  pages     = {},
  year      = {2000},
  crossref  = {DBLP:conf/icmc/2000},
  url       = {https://quod.lib.umich.edu/i/icmc/bbp2372.2000.146/1},
  timestamp = {},
  biburl    = {},
 bibsource = {}
}


@inproceedings{icmc/bbp2372.2001.051,
  author    = {Dominic Mazzoni and Roger B. Dannenberg},
  title     = {A Fast Data Structure for Disk-Based Audio Editing},
  booktitle = {Proceedings of the International Computer Music Conference, {ICMC} 2001},
  pages     = {},
  year      = {2001},
  crossref  = {DBLP:conf/icmc/2001},
  url       = {https://quod.lib.umich.edu/i/icmc/bbp2372.2001.051/1},
  timestamp = {},
  biburl    = {},
 bibsource = {}
}


@inproceedings{icmc/bbp2372.2001.071,
  author    = {Stefania Serafin and Julius Smith and O. III and Harvey Thornburg and Frederic Mazzella and Arnaud Tellier and Guillaume Thonier },
  title     = {Data driven identification and computer animation of bowed string model},
  booktitle = {Proceedings of the International Computer Music Conference, {ICMC} 2001},
  pages     = {},
  year      = {2001},
  crossref  = {DBLP:conf/icmc/2001},
  url       = {https://quod.lib.umich.edu/i/icmc/bbp2372.2001.071/1},
  timestamp = {},
  biburl    = {},
 bibsource = {}
}


@inproceedings{icmc/bbp2372.2001.079,
  author    = {Hendrik Purwins and Benjamin Blankertz and Klaus Obermayer },
  title     = {Constant Q Profiles for Tracking Modulations in Audio Data Format},
  booktitle = {Proceedings of the International Computer Music Conference, {ICMC} 2001},
  pages     = {},
  year      = {2001},
  crossref  = {DBLP:conf/icmc/2001},
  url       = {https://quod.lib.umich.edu/i/icmc/bbp2372.2001.079/1},
  timestamp = {},
  biburl    = {},
 bibsource = {}
}


@inproceedings{icmc/bbp2372.2001.103,
  author    = {W. Schloss and A. Driessen and F. Peter},
  title     = {Towards a Virtual Membrane: New Algorithms and Technology for Analyzing Gestural Data},
  booktitle = {Proceedings of the International Computer Music Conference, {ICMC} 2001},
  pages     = {},
  year      = {2001},
  crossref  = {DBLP:conf/icmc/2001},
  url       = {https://quod.lib.umich.edu/i/icmc/bbp2372.2001.103/1},
  timestamp = {},
  biburl    = {},
 bibsource = {}
}
@inproceedings{DBLP:conf/icmc/Puckette02,
  author    = {Miller Puckette},
  title     = {Using Pd as a score language},
  booktitle = {Proceedings of the 2002 International Computer Music Conference, {ICMC}
               2002, Gothenburg, Sweden, September 16-21, 2002},
  year      = {2002},
  crossref  = {DBLP:conf/icmc/2002},
  url       = {http://hdl.handle.net/2027/spo.bbp2372.2002.038},
  timestamp = {Tue, 16 Feb 2016 14:04:18 +0100},
  biburl    = {https://dblp.org/rec/bib/conf/icmc/Puckette02},
  bibsource = {dblp computer science bibliography, https://dblp.org}
}


@inproceedings{icmc/bbp2372.2002.039,
  author    = {Naotoshi Osaka and Ken-Ichi Sakakibara and Takafumi Hikichi },
  title     = {The Sound Synthesis System "Otkinshi": Its Data Structure and Graphical User Interface},
  booktitle = {Proceedings of the International Computer Music Conference, {ICMC} 2002},
  pages     = {},
  year      = {2002},
  crossref  = {DBLP:conf/icmc/2002},
  url       = {https://quod.lib.umich.edu/i/icmc/bbp2372.2002.039/1},
  timestamp = {},
  biburl    = {},
 bibsource = {}
}

@inproceedings{DBLP:conf/icmc/VinetHP02,
  author    = {Hugues Vinet and
               Perfecto Herrera and
               Fran{\c{c}}ois Pachet},
  title     = {The {CUIDADO} Project: New Applications based on Audio and Music Content
               Description},
  booktitle = {Proceedings of the 2002 International Computer Music Conference, {ICMC}
               2002, Gothenburg, Sweden, September 16-21, 2002},
  year      = {2002},
  crossref  = {DBLP:conf/icmc/2002},
  url       = {http://hdl.handle.net/2027/spo.bbp2372.2002.093},
  timestamp = {Tue, 16 Feb 2016 14:04:18 +0100},
  biburl    = {https://dblp.org/rec/bib/conf/icmc/VinetHP02},
  bibsource = {dblp computer science bibliography, https://dblp.org}
}
@inproceedings{icmc/bbp2372.2002.056,
  author    = { Bob L. Sturm},
  title     = {Water Music: Sonification of Ocean Buoy Spectral Data},
  booktitle = {Proceedings of the International Computer Music Conference, {ICMC} 2002},
  pages     = {},
  year      = {2002},
  crossref  = {DBLP:conf/icmc/2002},
  url       = {https://quod.lib.umich.edu/i/icmc/bbp2372.2002.056/1},
  timestamp = {},
  biburl    = {},
 bibsource = {}
}


@inproceedings{icmc/bbp2372.2003.003,
  author    = { D. G. Malham},
  title     = {Cutting the cord - In-circuit programmable microprocessors and RF data links free the performer from cables.},
  booktitle = {Proceedings of the International Computer Music Conference, {ICMC} 2003},
  pages     = {},
  year      = {2003},
  crossref  = {DBLP:conf/icmc/2003},
  url       = {https://quod.lib.umich.edu/i/icmc/bbp2372.2003.003/1},
  timestamp = {},
  biburl    = {},
 bibsource = {}
}


@inproceedings{icmc/bbp2372.2003.010,
  author    = { Joseph A. Sarlo},
  title     = {GrIPD: A Graphical Interface Editing Tool and Run-time Environment for Pure Data},
  booktitle = {Proceedings of the International Computer Music Conference, {ICMC} 2003},
  pages     = {},
  year      = {2003},
  crossref  = {DBLP:conf/icmc/2003},
  url       = {https://quod.lib.umich.edu/i/icmc/bbp2372.2003.010/1},
  timestamp = {},
  biburl    = {},
 bibsource = {}
}


@inproceedings{icmc/bbp2372.2003.030,
  author    = { Christopher Ariza},
  title     = {Ornament as Data Structure: An Algorithmic Model based on Micro-Rhythms of Csng Laments and Funeral Music},
  booktitle = {Proceedings of the International Computer Music Conference, {ICMC} 2003},
  pages     = {},
  year      = {2003},
  crossref  = {DBLP:conf/icmc/2003},
  url       = {https://quod.lib.umich.edu/i/icmc/bbp2372.2003.030/1},
  timestamp = {},
  biburl    = {},
 bibsource = {}
}


@inproceedings{icmc/bbp2372.2003.052,
  author    = { Ryoho Kobayashi},
  title     = {Sound Clustering Synthesis Using Spectral Data},
  booktitle = {Proceedings of the International Computer Music Conference, {ICMC} 2003},
  pages     = {},
  year      = {2003},
  crossref  = {DBLP:conf/icmc/2003},
  url       = {https://quod.lib.umich.edu/i/icmc/bbp2372.2003.052/1},
  timestamp = {},
  biburl    = {},
 bibsource = {}
}


@inproceedings{icmc/bbp2372.2003.099,
  author    = { Diemo Schwarz},
  title     = {New Developments in Data-Driven Concatenative Sound Synthesis},
  booktitle = {Proceedings of the International Computer Music Conference, {ICMC} 2003},
  pages     = {},
  year      = {2003},
  crossref  = {DBLP:conf/icmc/2003},
  url       = {https://quod.lib.umich.edu/i/icmc/bbp2372.2003.099/1},
  timestamp = {},
  biburl    = {},
 bibsource = {}
}


@inproceedings{icmc/bbp2372.2003.103,
  author    = {Adam Lindsay and T. Parkes and Alan  and P.  },
  title     = {Paradiddle: a code-free meta-GUI for musical performance with Pure Data},
  booktitle = {Proceedings of the International Computer Music Conference, {ICMC} 2003},
  pages     = {},
  year      = {2003},
  crossref  = {DBLP:conf/icmc/2003},
  url       = {https://quod.lib.umich.edu/i/icmc/bbp2372.2003.103/1},
  timestamp = {},
  biburl    = {},
 bibsource = {}
}


@inproceedings{icmc/bbp2372.2004.004,
  author    = {Jean Bresson and Carlos Agon },
  title     = {SDIF sound description data representation and manipulation in computer assisted composition},
  booktitle = {Proceedings of the International Computer Music Conference, {ICMC} 2004},
  pages     = {},
  year      = {2004},
  crossref  = {DBLP:conf/icmc/2004},
  url       = {https://quod.lib.umich.edu/i/icmc/bbp2372.2004.004/1},
  timestamp = {},
  biburl    = {},
 bibsource = {}
}


@inproceedings{icmc/bbp2372.2004.058,
  author    = { Cyrille Henry},
  title     = {pmpd : Physical modelling for Pure Data},
  booktitle = {Proceedings of the International Computer Music Conference, {ICMC} 2004},
  pages     = {},
  year      = {2004},
  crossref  = {DBLP:conf/icmc/2004},
  url       = {https://quod.lib.umich.edu/i/icmc/bbp2372.2004.058/1},
  timestamp = {},
  biburl    = {},
 bibsource = {}
}


@inproceedings{icmc/bbp2372.2004.082,
  author    = {Jesse Allison and T. Place and Timothy  and A.  },
  title     = {Teabox: A Sensor Data Interface System},
  booktitle = {Proceedings of the International Computer Music Conference, {ICMC} 2004},
  pages     = {},
  year      = {2004},
  crossref  = {DBLP:conf/icmc/2004},
  url       = {https://quod.lib.umich.edu/i/icmc/bbp2372.2004.082/1},
  timestamp = {},
  biburl    = {},
 bibsource = {}
}


@inproceedings{icmc/bbp2372.2004.124,
  author    = { Fabio Cifariello Ciardi},
  title     = {Real Time Sonification of Stock Market Data with sMax},
  booktitle = {Proceedings of the International Computer Music Conference, {ICMC} 2004},
  pages     = {},
  year      = {2004},
  crossref  = {DBLP:conf/icmc/2004},
  url       = {https://quod.lib.umich.edu/i/icmc/bbp2372.2004.124/1},
  timestamp = {},
  biburl    = {},
 bibsource = {}
}


@inproceedings{icmc/bbp2372.2004.128,
  author    = {Woon Yeo and Seung Berger and Jonathan Lee and Zune  },
  title     = {SonART: A framework for data sonification, visualization and networked multimedia applications},
  booktitle = {Proceedings of the International Computer Music Conference, {ICMC} 2004},
  pages     = {},
  year      = {2004},
  crossref  = {DBLP:conf/icmc/2004},
  url       = {https://quod.lib.umich.edu/i/icmc/bbp2372.2004.128/1},
  timestamp = {},
  biburl    = {},
 bibsource = {}
}


@inproceedings{icmc/bbp2372.2004.168,
  author    = {Marcos Alonso and Gnter Geiger and Sergi Jord },
  title     = {An Internet Browser Plug-in for Real-time Sound Synthesis using Pure Data},
  booktitle = {Proceedings of the International Computer Music Conference, {ICMC} 2004},
  pages     = {},
  year      = {2004},
  crossref  = {DBLP:conf/icmc/2004},
  url       = {https://quod.lib.umich.edu/i/icmc/bbp2372.2004.168/1},
  timestamp = {},
  biburl    = {},
 bibsource = {}
}
@inproceedings{DBLP:conf/icmc/XuZY05,
  author    = {Yungpeng Xu and
               Changshui Zang and
               Jing Yang},
  title     = {Semi-Supervised Classification of Musical Genre using Multi-View Features},
  booktitle = {Proceedings of the 2005 International Computer Music Conference, {ICMC}
               2005, Barcelona, Spain, September 4-10, 2005},
  year      = {2005},
  crossref  = {DBLP:conf/icmc/2005},
  url       = {http://hdl.handle.net/2027/spo.bbp2372.2005.020},
  timestamp = {Mon, 08 Feb 2016 16:22:48 +0100},
  biburl    = {https://dblp.org/rec/bib/conf/icmc/XuZY05},
  bibsource = {dblp computer science bibliography, https://dblp.org}
}
@inproceedings{DBLP:conf/icmc/YeoB05,
  author    = {Woon Seung Yeo and
               Jonathan Berger},
  title     = {Application of Image Sonification Methods to Music},
  booktitle = {Proceedings of the 2005 International Computer Music Conference, {ICMC}
               2005, Barcelona, Spain, September 4-10, 2005},
  year      = {2005},
  crossref  = {DBLP:conf/icmc/2005},
  url       = {http://hdl.handle.net/2027/spo.bbp2372.2005.036},
  timestamp = {Mon, 08 Feb 2016 16:22:48 +0100},
  biburl    = {https://dblp.org/rec/bib/conf/icmc/YeoB05},
  bibsource = {dblp computer science bibliography, https://dblp.org}
}

@inproceedings{DBLP:conf/icmc/Vinet05,
  author    = {Hugues Vinet},
  title     = {The Semantic HiFi Project},
  booktitle = {Proceedings of the 2005 International Computer Music Conference, {ICMC}
               2005, Barcelona, Spain, September 4-10, 2005},
  year      = {2005},
  crossref  = {DBLP:conf/icmc/2005},
  url       = {http://hdl.handle.net/2027/spo.bbp2372.2005.171},
  timestamp = {Mon, 08 Feb 2016 16:22:48 +0100},
  biburl    = {https://dblp.org/rec/bib/conf/icmc/Vinet05},
  bibsource = {dblp computer science bibliography, https://dblp.org}
}

@inproceedings{icmc/bbp2372.2005.055,
  author    = {Vincent Goudard and Christophe Havel and Sylvain Marchand and Myriam Desainte-Catherine },
  title     = {DATA ANTICIPATION FOR GESTURE RECOGNITION IN THE AIR PERCUSSION},
  booktitle = {Proceedings of the International Computer Music Conference, {ICMC} 2005},
  pages     = {},
  year      = {2005},
  crossref  = {DBLP:conf/icmc/2005},
  url       = {https://quod.lib.umich.edu/i/icmc/bbp2372.2005.055/1},
  timestamp = {},
  biburl    = {},
 bibsource = {}
}


@inproceedings{icmc/bbp2372.2005.129,
  author    = {Norbert Schnell and Riccardo Borghesi and Diemo Schwarz and Frederic Bevilacqua and Remy Mller },
  title     = {FTM  COMPLEX DATA STRUCTURES FOR MAX},
  booktitle = {Proceedings of the International Computer Music Conference, {ICMC} 2005},
  pages     = {},
  year      = {2005},
  crossref  = {DBLP:conf/icmc/2005},
  url       = {https://quod.lib.umich.edu/i/icmc/bbp2372.2005.129/1},
  timestamp = {},
  biburl    = {},
 bibsource = {}
}


@inproceedings{icmc/bbp2372.2006.043,
  author    = {Sinan Bokesoy and Jean Thiebaut and Baptiste  },
  title     = {An approach to visualization of complex event data for generating sonic structures},
  booktitle = {Proceedings of the International Computer Music Conference, {ICMC} 2006},
  pages     = {},
  year      = {2006},
  crossref  = {DBLP:conf/icmc/2006},
  url       = {https://quod.lib.umich.edu/i/icmc/bbp2372.2006.043/1},
  timestamp = {},
  biburl    = {},
 bibsource = {}
}


@inproceedings{icmc/bbp2372.2006.098,
  author    = {Hamid Satar-Boroujeni and Bahram Shafai and Patrick Wolfe and J.  },
  title     = {Data Association Techniques for a Robust Partial Tracker of Music Signals},
  booktitle = {Proceedings of the International Computer Music Conference, {ICMC} 2006},
  pages     = {},
  year      = {2006},
  crossref  = {DBLP:conf/icmc/2006},
  url       = {https://quod.lib.umich.edu/i/icmc/bbp2372.2006.098/1},
  timestamp = {},
  biburl    = {},
 bibsource = {}
}


@inproceedings{icmc/bbp2372.2006.123,
  author    = { Robert Hamilton},
  title     = {Bioinformatic Response Data as a Compositional Driver},
  booktitle = {Proceedings of the International Computer Music Conference, {ICMC} 2006},
  pages     = {},
  year      = {2006},
  crossref  = {DBLP:conf/icmc/2006},
  url       = {https://quod.lib.umich.edu/i/icmc/bbp2372.2006.123/1},
  timestamp = {},
  biburl    = {},
 bibsource = {}
}
@inproceedings{DBLP:conf/icmc/JonesLS07,
  author    = {Randy Jones and
               Mathieu Lagrange and
               W. Andrew Schloss},
  title     = {A hand drumming Dataset for Physical Modeling},
  booktitle = {Proceedings of the 2007 International Computer Music Conference, {ICMC}
               2007, Copenhagen, Denmark, August 27-31, 2007},
  year      = {2007},
  crossref  = {DBLP:conf/icmc/2007},
  url       = {http://hdl.handle.net/2027/spo.bbp2372.2007.083},
  timestamp = {Tue, 09 Feb 2016 10:49:52 +0100},
  biburl    = {https://dblp.org/rec/bib/conf/icmc/JonesLS07},
  bibsource = {dblp computer science bibliography, https://dblp.org}
}
@inproceedings{DBLP:conf/icmc/CaseyG07,
  author    = {Michael A. Casey and
               Mick Grierson},
  title     = {Soundspotter / remix-TV: Fast Approximate Matching for audio and video
               Performance},
  booktitle = {Proceedings of the 2007 International Computer Music Conference, {ICMC}
               2007, Copenhagen, Denmark, August 27-31, 2007},
  year      = {2007},
  crossref  = {DBLP:conf/icmc/2007},
  url       = {http://hdl.handle.net/2027/spo.bbp2372.2007.205},
  timestamp = {Thu, 04 Feb 2016 16:19:08 +0100},
  biburl    = {https://dblp.org/rec/bib/conf/icmc/CaseyG07},
  bibsource = {dblp computer science bibliography, https://dblp.org}
}
@inproceedings{icmc/bbp2372.2007.113,
  author    = {Alexander Jensenius and Refsum Camurri and Antonio Castagn and Nicolas Maestre and Esteban Malloch and Joseph McGilvray and Douglas Schwarz and Diemo Wright and Matthew  },
  title     = {PANEL: THE NEED OF FORMATS FOR STREAMING AND STORING MUSIC-RELATED MOVEMENT AND GESTURE DATA},
  booktitle = {Proceedings of the International Computer Music Conference, {ICMC} 2007},
  pages     = {},
  year      = {2007},
  crossref  = {DBLP:conf/icmc/2007},
  url       = {https://quod.lib.umich.edu/i/icmc/bbp2372.2007.113/1},
  timestamp = {},
  biburl    = {},
 bibsource = {}
}


@inproceedings{icmc/bbp2372.2007.117,
  author    = {Alex Norman and Xavier Amatriain },
  title     = {DATA JOCKEY, A TOOL FOR META-DATA ENHANCED DIGITAL DJING AND ACTIVE LISTENING},
  booktitle = {Proceedings of the International Computer Music Conference, {ICMC} 2007},
  pages     = {},
  year      = {2007},
  crossref  = {DBLP:conf/icmc/2007},
  url       = {https://quod.lib.umich.edu/i/icmc/bbp2372.2007.117/1},
  timestamp = {},
  biburl    = {},
 bibsource = {}
}


@inproceedings{icmc/bbp2372.2007.183,
  author    = { Edward Kelly},
  title     = {META-SEQUENCING: CONTROLLING SEQUENCE VOICES AND POLYPHONY USING THE POLYMAP, SIEVE, VALVE AND MASKXOR OBJECTS IN PURE DATA},
  booktitle = {Proceedings of the International Computer Music Conference, {ICMC} 2007},
  pages     = {},
  year      = {2007},
  crossref  = {DBLP:conf/icmc/2007},
  url       = {https://quod.lib.umich.edu/i/icmc/bbp2372.2007.183/1},
  timestamp = {},
  biburl    = {},
 bibsource = {}
}

@inproceedings{DBLP:conf/icmc/SturmRMS08,
  author    = {Bob L. Sturm and
               Curtis Roads and
               Aaron McLeran and
               John J. Shynk},
  title     = {Analysis, Visualization, and Transformation of audio signals using
               Dictionary-Based Methods},
  booktitle = {{ICMC}},
  publisher = {Michigan Publishing},
  year      = {2008}
}

@inproceedings{icmc/bbp2372.2008.056,
  author    = {Matthew Hoffman and Perry Cook},
  title     = {DATA-DRIVEN RECOMPOSITION USING THE HIERARCHICAL DIRICHLET PROCESS HIDDEN MARKOV MODEL},
  booktitle = {Proceedings of the International Computer Music Conference, {ICMC} 2008},
  pages     = {},
  year      = {2008},
  crossref  = {DBLP:conf/icmc/2008},
  url       = {https://quod.lib.umich.edu/i/icmc/bbp2372.2008.056/1},
  timestamp = {},
  biburl    = {},
 bibsource = {}
}


@inproceedings{icmc/bbp2372.2008.072,
  author    = {John ffitch and Julian Padget },
  title     = {MAINTAINING AND USING PROVENANCE DATA IN COMPUTER MUSIC},
  booktitle = {Proceedings of the International Computer Music Conference, {ICMC} 2008},
  pages     = {},
  year      = {2008},
  crossref  = {DBLP:conf/icmc/2008},
  url       = {https://quod.lib.umich.edu/i/icmc/bbp2372.2008.072/1},
  timestamp = {},
  biburl    = {},
 bibsource = {}
}


@inproceedings{icmc/bbp2372.2008.097,
  author    = { Anna Jordanous},
  title     = {VOICE SEPARATION IN POLYPHONIC MUSIC: A DATA-DRIVEN APPROACH},
  booktitle = {Proceedings of the International Computer Music Conference, {ICMC} 2008},
  pages     = {},
  year      = {2008},
  crossref  = {DBLP:conf/icmc/2008},
  url       = {https://quod.lib.umich.edu/i/icmc/bbp2372.2008.097/1},
  timestamp = {},
  biburl    = {},
 bibsource = {}
}


@inproceedings{icmc/bbp2372.2009.005,
  author    = { Andrew Schmeder},
  title     = {Efficient Gesture Storage and Retrieval for Multiple Applications Using a Relational Data Model of Open Sound Control},
  booktitle = {Proceedings of the International Computer Music Conference, {ICMC} 2009},
  pages     = {},
  year      = {2009},
  crossref  = {DBLP:conf/icmc/2009},
  url       = {https://quod.lib.umich.edu/i/icmc/bbp2372.2009.005/1},
  timestamp = {},
  biburl    = {},
 bibsource = {}
}


@inproceedings{icmc/bbp2372.2009.012,
  author    = {Jamie Bullock and Henrik Frisk },
  title     = {An Object Oriented Model for the Representation of Temporal Data in the Integra Framework},
  booktitle = {Proceedings of the International Computer Music Conference, {ICMC} 2009},
  pages     = {},
  year      = {2009},
  crossref  = {DBLP:conf/icmc/2009},
  url       = {https://quod.lib.umich.edu/i/icmc/bbp2372.2009.012/1},
  timestamp = {},
  biburl    = {},
 bibsource = {}
}


@inproceedings{icmc/bbp2372.2009.056,
  author    = { Esteban Maestre},
  title     = {Data-Driven Stastical Modeling of Violin Bowing Gesture Parameter Contours},
  booktitle = {Proceedings of the International Computer Music Conference, {ICMC} 2009},
  pages     = {},
  year      = {2009},
  crossref  = {DBLP:conf/icmc/2009},
  url       = {https://quod.lib.umich.edu/i/icmc/bbp2372.2009.056/1},
  timestamp = {},
  biburl    = {},
 bibsource = {}
}


@inproceedings{icmc/bbp2372.2010.002,
  author    = {Sihwa Park and Hwa Kim and Samuel Lee and Woon Seung Yeo},
  title     = {Composition With Path : Musical Sonification Of Geo{-}referenced Data With Online Map Interface},
  booktitle = {Proceedings of the International Computer Music Conference, {ICMC} 2010},
  pages     = {},
  year      = {2010},
  crossref  = {DBLP:conf/icmc/2010},
  url       = {https://quod.lib.umich.edu/i/icmc/bbp2372.2010.002/1},
  timestamp = {},
  biburl    = {},
 bibsource = {}
}


@inproceedings{icmc/bbp2372.2010.003,
  author    = {Chris Sanden and Chad R. Befus and John Zahng},
  title     = {Perception Based Multi-Genre Labeling On Music Data},
  booktitle = {Proceedings of the International Computer Music Conference, {ICMC} 2010},
  pages     = {},
  year      = {2010},
  crossref  = {DBLP:conf/icmc/2010},
  url       = {https://quod.lib.umich.edu/i/icmc/bbp2372.2010.003/1},
  timestamp = {},
  biburl    = {},
 bibsource = {}
}


@inproceedings{icmc/bbp2372.2010.044,
  author    = { William Brent},
  title     = {A Timbre Analysis And Classification Toolkit For Pure Data},
  booktitle = {Proceedings of the International Computer Music Conference, {ICMC} 2010},
  pages     = {},
  year      = {2010},
  crossref  = {DBLP:conf/icmc/2010},
  url       = {https://quod.lib.umich.edu/i/icmc/bbp2372.2010.044/1},
  timestamp = {},
  biburl    = {},
 bibsource = {}
}


@inproceedings{icmc/bbp2372.2010.094,
  author    = {Miller Puckette and Hans-Christoph Steiner },
  title     = {Pure Data Barcamp},
  booktitle = {Proceedings of the International Computer Music Conference, {ICMC} 2010},
  pages     = {},
  year      = {2010},
  crossref  = {DBLP:conf/icmc/2010},
  url       = {https://quod.lib.umich.edu/i/icmc/bbp2372.2010.094/1},
  timestamp = {},
  biburl    = {},
 bibsource = {}
}


@inproceedings{icmc/bbp2372.2010.117,
  author    = {Mark Ballora and Brian Panulla and Matthew Gourley and David Hall},
  title     = {Sonification Of Web Log Data},
  booktitle = {Proceedings of the International Computer Music Conference, {ICMC} 2010},
  pages     = {},
  year      = {2010},
  crossref  = {DBLP:conf/icmc/2010},
  url       = {https://quod.lib.umich.edu/i/icmc/bbp2372.2010.117/1},
  timestamp = {},
  biburl    = {},
 bibsource = {}
}


@inproceedings{icmc/bbp2372.2010.126,
  author    = { Georg Essl},
  title     = {Ursound -- Live Patching Of Audio And Multimedia Using A Multi-Rate Normed Single-Stream Data-Flow Engine},
  booktitle = {Proceedings of the International Computer Music Conference, {ICMC} 2010},
  pages     = {},
  year      = {2010},
  crossref  = {DBLP:conf/icmc/2010},
  url       = {https://quod.lib.umich.edu/i/icmc/bbp2372.2010.126/1},
  timestamp = {},
  biburl    = {},
 bibsource = {}
}


@inproceedings{icmc/bbp2372.2010.129,
  author    = {Jean Bresson and Carlos Agon },
  title     = {Processing Sound And Music Description Data Using Openmusic},
  booktitle = {Proceedings of the International Computer Music Conference, {ICMC} 2010},
  pages     = {},
  year      = {2010},
  crossref  = {DBLP:conf/icmc/2010},
  url       = {https://quod.lib.umich.edu/i/icmc/bbp2372.2010.129/1},
  timestamp = {},
  biburl    = {},
 bibsource = {}
}
@inproceedings{DBLP:conf/icmc/CollinsS11,
  author    = {Nick Collins and
               Bob L. Sturm},
  title     = {Sound Cross-synthesis and Morphing Using Dictionary-based Methods},
  booktitle = {{ICMC}},
  publisher = {Michigan Publishing},
  year      = {2011}
}
@inproceedings{DBLP:conf/icmc/GriersonK11,
  author    = {Mike Grierson and
               Chris Kiefer},
  title     = {Maximillian: An easy to use, cross platform {C++} Toolkit for interactive
               audio and synthesis applications},
  booktitle = {Proceedings of the 2011 International Computer Music Conference, {ICMC}
               2011, Huddersfield, UK, July 31 - August 5, 2011},
  year      = {2011},
  crossref  = {DBLP:conf/icmc/2011},
  url       = {http://hdl.handle.net/2027/spo.bbp2372.2011.054},
  timestamp = {Tue, 02 Feb 2016 16:17:37 +0100},
  biburl    = {https://dblp.org/rec/bib/conf/icmc/GriersonK11},
  bibsource = {dblp computer science bibliography, https://dblp.org}
}
@inproceedings{icmc/bbp2372.2011.016,
  author    = {Jean Bresson and Marlon Schumacher },
  title     = {Representation and Interchange of Sound Spatialization Data for Compositional Applications},
  booktitle = {Proceedings of the International Computer Music Conference, {ICMC} 2011},
  pages     = {},
  year      = {2011},
  crossref  = {DBLP:conf/icmc/2011},
  url       = {https://quod.lib.umich.edu/i/icmc/bbp2372.2011.016/1},
  timestamp = {},
  biburl    = {},
 bibsource = {}
}


@inproceedings{icmc/bbp2372.2011.130,
  author    = {Steven Ness and R. Methabi and Sonmez Odowichuk and Gabrielle Tzanetakis and George Schloss and Andrew  and W.  },
  title     = {Gesture Analysis of radiodrum data},
  booktitle = {Proceedings of the International Computer Music Conference, {ICMC} 2011},
  pages     = {},
  year      = {2011},
  crossref  = {DBLP:conf/icmc/2011},
  url       = {https://quod.lib.umich.edu/i/icmc/bbp2372.2011.130/1},
  timestamp = {},
  biburl    = {},
 bibsource = {}
}


@inproceedings{icmc/bbp2372.2012.023,
  author    = {Andr Bianchi and J. Queiroz and Marcelo  },
  title     = {MEASURING THE PERFORMANCE OF REALTIME DSP USING PURE DATA AND GPU},
  booktitle = {Proceedings of the International Computer Music Conference, {ICMC} 2012},
  pages     = {},
  year      = {2012},
  crossref  = {DBLP:conf/icmc/2012},
  url       = {https://quod.lib.umich.edu/i/icmc/bbp2372.2012.023/1},
  timestamp = {},
  biburl    = {},
 bibsource = {}
}


@inproceedings{icmc/bbp2372.2012.063,
  author    = {Jordan Hochenbaum and Ajay Kapur },
  title     = {NUANCE: A SOFTWARE TOOL FOR CAPTURING SYNCHRONOUS DATA STREAMS FROM MULTIMODAL MUSICAL SYSTEMS},
  booktitle = {Proceedings of the International Computer Music Conference, {ICMC} 2012},
  pages     = {},
  year      = {2012},
  crossref  = {DBLP:conf/icmc/2012},
  url       = {https://quod.lib.umich.edu/i/icmc/bbp2372.2012.063/1},
  timestamp = {},
  biburl    = {},
 bibsource = {}
}


@inproceedings{icmc/bbp2372.2012.096,
  author    = {Katharina Vogt and David Pirro and Martin Rumori and Robert Hoeldrich },
  title     = {SOUNDS OF SIMULATIONS: DATA LISTENING SPACE},
  booktitle = {Proceedings of the International Computer Music Conference, {ICMC} 2012},
  pages     = {},
  year      = {2012},
  crossref  = {DBLP:conf/icmc/2012},
  url       = {https://quod.lib.umich.edu/i/icmc/bbp2372.2012.096/1},
  timestamp = {},
  biburl    = {},
 bibsource = {}
}


@inproceedings{icmc/bbp2372.2014.046,
  author    = { Ian Whalley},
  title     = {Broadening Telematic Electroacoustic Music by Affective Rendering and Embodied Real-time Data Sonification},
  booktitle = {Proceedings of the International Computer Music Conference, {ICMC} 2014},
  pages     = {},
  year      = {2014},
  crossref  = {DBLP:conf/icmc/2014},
  url       = {https://quod.lib.umich.edu/i/icmc/bbp2372.2014.046/1},
  timestamp = {},
  biburl    = {},
 bibsource = {}
}


@inproceedings{icmc/bbp2372.2014.065,
  author    = {Charles Nichols and Mark Lorang and Mark Gibbons and Nicole Bradley and Amber Browning },
  title     = {Sound of Rivers: Stone Drum: a Multimedia Collaboration, with Sonified Data, Computer-Processed Narration, and Electric Violin},
  booktitle = {Proceedings of the International Computer Music Conference, {ICMC} 2014},
  pages     = {},
  year      = {2014},
  crossref  = {DBLP:conf/icmc/2014},
  url       = {https://quod.lib.umich.edu/i/icmc/bbp2372.2014.065/1},
  timestamp = {},
  biburl    = {},
 bibsource = {}
}


@inproceedings{icmc/bbp2372.2014.073,
  author    = {Luiz Naveda and Ivani Santana },
  title     = {Topos toolkit for Pure Data: exploring the spatial features of dance gestures for interactive musical applications},
  booktitle = {Proceedings of the International Computer Music Conference, {ICMC} 2014},
  pages     = {},
  year      = {2014},
  crossref  = {DBLP:conf/icmc/2014},
  url       = {https://quod.lib.umich.edu/i/icmc/bbp2372.2014.073/1},
  timestamp = {},
  biburl    = {},
 bibsource = {}
}


@inproceedings{icmc/bbp2372.2014.080,
  author    = {Nathan Bowen and David Reeder },
  title     = {Mobile Phones as Ubiquitous Instruments: Towards Standardizing Performance Data on the Network},
  booktitle = {Proceedings of the International Computer Music Conference, {ICMC} 2014},
  pages     = {},
  year      = {2014},
  crossref  = {DBLP:conf/icmc/2014},
  url       = {https://quod.lib.umich.edu/i/icmc/bbp2372.2014.080/1},
  timestamp = {},
  biburl    = {},
 bibsource = {}
}


@inproceedings{icmc/bbp2372.2014.116,
  author    = { Antonio Deusany de Carvalho Junior},
  title     = {Sensors2PD: Mobile sensors and WiFi information as input for Pure Data},
  booktitle = {Proceedings of the International Computer Music Conference, {ICMC} 2014},
  pages     = {},
  year      = {2014},
  crossref  = {DBLP:conf/icmc/2014},
  url       = {https://quod.lib.umich.edu/i/icmc/bbp2372.2014.116/1},
  timestamp = {},
  biburl    = {},
 bibsource = {}
}


@inproceedings{icmc/bbp2372.2014.119,
  author    = { Kevin Schlei},
  title     = {TC-Data: Extending Multi-Touch Interfaces for Generalized Relational Control},
  booktitle = {Proceedings of the International Computer Music Conference, {ICMC} 2014},
  pages     = {},
  year      = {2014},
  crossref  = {DBLP:conf/icmc/2014},
  url       = {https://quod.lib.umich.edu/i/icmc/bbp2372.2014.119/1},
  timestamp = {},
  biburl    = {},
 bibsource = {}
}


@inproceedings{icmc/bbp2372.2014.229,
  author    = {Pedro Bruel and Marcelo Queiroz },
  title     = {A Protocol for creating Multiagent Systems in Ensemble with Pure Data},
  booktitle = {Proceedings of the International Computer Music Conference, {ICMC} 2014},
  pages     = {},
  year      = {2014},
  crossref  = {DBLP:conf/icmc/2014},
  url       = {https://quod.lib.umich.edu/i/icmc/bbp2372.2014.229/1},
  timestamp = {},
  biburl    = {},
 bibsource = {}
}


@inproceedings{icmc/bbp2372.2014.254,
  author    = {Daichi Misawa and Kiyomitsu Odai },
  title     = {Data Auditorio: Towards Intense Interaction, an Interactive Hyper-Directional Sound for Play and Ubiquity},
  booktitle = {Proceedings of the International Computer Music Conference, {ICMC} 2014},
  pages     = {},
  year      = {2014},
  crossref  = {DBLP:conf/icmc/2014},
  url       = {https://quod.lib.umich.edu/i/icmc/bbp2372.2014.254/1},
  timestamp = {},
  biburl    = {},
 bibsource = {}
}

@inproceedings{DBLP:conf/icmc/CadizCMMATI15,
  author    = {Rodrigo F. C{\'{a}}diz and
               Patricio de la Cuadra and
               Aar{\'{o}}n Montoya and
               Veronica Mar{\'{\i}}n and
               Marcelo E. Andia and
               Cristian Tejos and
               Pablo Irarrazaval},
  title     = {Sonification of Medical Images Based on Statistical Descriptors},
  booktitle = {Proceedings of the International Computer Music Conference, {ICMC} 2015},
  pages     = {},
  year      = {2015},
  crossref  = {DBLP:conf/icmc/2015},
  url       = {https://quod.lib.umich.edu/i/icmc/bbp2372.2015.072/1},
  timestamp = {},
  biburl    = {},
 bibsource = {}
}

@inproceedings{icmc/bbp2372.2015.072,
  author    = { Marco Buongiorno Nardelli},
  title     = {materialssoundmusic: a Computer-Aided Data-Driven Composition Environment for the Sonification and Dramatization of Scientific Data Streams},
  booktitle = {Proceedings of the International Computer Music Conference, {ICMC} 2015},
  pages     = {},
  year      = {2015},
  crossref  = {DBLP:conf/icmc/2015},
  url       = {https://quod.lib.umich.edu/i/icmc/bbp2372.2015.072/1},
  timestamp = {},
  biburl    = {},
 bibsource = {}
}


@inproceedings{icmc/bbp2372.2016.002,
  author    = { Falk Morawitz},
  title     = {Molecular Sonification of Nuclear Magnetic Resonance Data as a Novel Tool for Sound Creation},
  booktitle = {Proceedings of the International Computer Music Conference, {ICMC} 2016},
  pages     = {},
  year      = {2016},
  crossref  = {DBLP:conf/icmc/2016},
  url       = {https://quod.lib.umich.edu/i/icmc/bbp2372.2016.002/1},
  timestamp = {},
  biburl    = {},
 bibsource = {}
}


@inproceedings{icmc/bbp2372.2016.056,
  author    = {Kevin Schlei and Rebecca Yoshikane },
  title     = {The Things of Shapes: Waveform Generation using 3D Vertex Data},
  booktitle = {Proceedings of the International Computer Music Conference, {ICMC} 2016},
  pages     = {},
  year      = {2016},
  crossref  = {DBLP:conf/icmc/2016},
  url       = {https://quod.lib.umich.edu/i/icmc/bbp2372.2016.056/1},
  timestamp = {},
  biburl    = {},
 bibsource = {}
}


@inproceedings{icmc/bbp2372.2016.064,
  author    = {Martin Ritter and Alyssa Aska },
  title     = {Extending the Piano through Spatial Transformation of Motion Capture Data},
  booktitle = {Proceedings of the International Computer Music Conference, {ICMC} 2016},
  pages     = {},
  year      = {2016},
  crossref  = {DBLP:conf/icmc/2016},
  url       = {https://quod.lib.umich.edu/i/icmc/bbp2372.2016.064/1},
  timestamp = {},
  biburl    = {},
 bibsource = {}
}


@inproceedings{icmc/bbp2372.2016.086,
  author    = { Kristina Warren},
  title     = {Composing and Performing Digital Voice Using Microphone-Centric Gesture and Control Data},
  booktitle = {Proceedings of the International Computer Music Conference, {ICMC} 2016},
  pages     = {},
  year      = {2016},
  crossref  = {DBLP:conf/icmc/2016},
  url       = {https://quod.lib.umich.edu/i/icmc/bbp2372.2016.086/1},
  timestamp = {},
  biburl    = {},
 bibsource = {}
}


@inproceedings{icmc/bbp2372.2017.033,
  author    = { PerMagnus Lindborg},
  title     = {Pacific Bell Tower, a sculptural sound installation for live sonification of earthquake data},
  booktitle = {Proceedings of the International Computer Music Conference, {ICMC} 2017},
  pages     = {},
  year      = {2017},
  crossref  = {DBLP:conf/icmc/2017},
  url       = {https://quod.lib.umich.edu/i/icmc/bbp2372.2017.033/1},
  timestamp = {},
  biburl    = {},
 bibsource = {}
}
@inproceedings{icmc/bbp2372.2017.087,
  author    = {Michael K. Fox and Jeremy Stewart and Rob Hamilton},
  title     = {madBPM: A Modular Multimodal Environment for Data{-}Driven Composition And Sonification},
  booktitle = {Proceedings of the International Computer Music Conference, {ICMC} 2017},
  pages     = {},
  year      = {2017},
  crossref  = {DBLP:conf/icmc/2017},
  url       = { http://hdl.handle.net/2027/bbp2372.2017.087},
  timestamp = {},
  biburl    = {},
 bibsource = {}
}


