@proceedings{DBLP:conf/icmc/2017,
  title     = {Hearing the Self: Proceedings of the 43rd International
               Computer Music Conference, {ICMC} 2017, Shanghai, China, October
               10 - October 17, 2017},
  publisher = {Michigan Publishing},
  year      = {2017},
  url       = {http://quod.lib.umich.edu/i/icmc/bbp2372.2017},
  timestamp = {Thu, 28 Jan 2016 16:04:02 +0100},
  biburl    = {https://dblp.org/rec/bib/conf/icmc/2017},
  bibsource = {dblp computer science bibliography, https://dblp.org}
}
@proceedings{DBLP:conf/icmc/2016,
  title     = {Proceedings of the 42nd International
               Computer Music Conference, {ICMC} 2016, Utrecht, Netherlands, September
               25 - October 1, 2016},
  publisher = {Michigan Publishing},
  year      = {2016},
  url       = {http://quod.lib.umich.edu/i/icmc/bbp2372.2016},
  timestamp = {Thu, 28 Jan 2016 16:04:02 +0100},
  biburl    = {https://dblp.org/rec/bib/conf/icmc/2016},
  bibsource = {dblp computer science bibliography, https://dblp.org}
}
@proceedings{DBLP:conf/icmc/2015,
  title     = {Looking Back, Looking Forward: Proceedings of the 41st International
               Computer Music Conference, {ICMC} 2015, Denton, TX, USA, September
               25 - October 1, 2015},
  publisher = {Michigan Publishing},
  year      = {2015},
  url       = {http://quod.lib.umich.edu/i/icmc/bbp2372.2015},
  timestamp = {Thu, 28 Jan 2016 16:04:02 +0100},
  biburl    = {https://dblp.org/rec/bib/conf/icmc/2015},
  bibsource = {dblp computer science bibliography, https://dblp.org}
}
@proceedings{DBLP:conf/icmc/2014,
  title     = {Music Technology meets Philosophy - From Digital Echos to Virtual
               Ethos: Joint Proceedings of the 40th International Computer Music
               Conference, {ICMC} 2014, and the 11th Sound and Music Computing Conference,
               {SMC} 2014, Athens, Greece, September 14-20, 2014},
  publisher = {Michigan Publishing},
  year      = {2014},
  url       = {http://quod.lib.umich.edu/i/icmc/bbp2372.2014},
  timestamp = {Fri, 29 Jan 2016 13:28:08 +0100},
  biburl    = {https://dblp.org/rec/bib/conf/icmc/2014},
  bibsource = {dblp computer science bibliography, https://dblp.org}
}
@proceedings{DBLP:conf/icmc/2013,
  title     = {Proceedings of the 39th International Computer Music Conference, {ICMC}
               2013, Perth, Australia, August 12-16, 2013},
  publisher = {Michigan Publishing},
  year      = {2013},
  url       = {http://quod.lib.umich.edu/i/icmc/bbp2372.2013},
  timestamp = {Sat, 30 Jan 2016 16:01:09 +0100},
  biburl    = {https://dblp.org/rec/bib/conf/icmc/2013},
  bibsource = {dblp computer science bibliography, https://dblp.org}
}
@proceedings{DBLP:conf/icmc/2012,
  title     = {Non-Cochlear Sound: Proceedings of the 38th International Computer
               Music Conference, {ICMC} 2012, Ljubljana, Slovenia, September 9-14,
               2012},
  publisher = {Michigan Publishing},
  year      = {2012},
  url       = {http://quod.lib.umich.edu/i/icmc/bbp2372.2012},
  timestamp = {Mon, 01 Feb 2016 14:11:51 +0100},
  biburl    = {https://dblp.org/rec/bib/conf/icmc/2012},
  bibsource = {dblp computer science bibliography, https://dblp.org}
}
@proceedings{DBLP:conf/icmc/2011,
  title     = {Proceedings of the 2011 International Computer Music Conference, {ICMC}
               2011, Huddersfield, UK, July 31 - August 5, 2011},
  publisher = {Michigan Publishing},
  year      = {2011},
  url       = {http://quod.lib.umich.edu/i/icmc/bbp2372.2011},
  timestamp = {Tue, 02 Feb 2016 16:17:37 +0100},
  biburl    = {https://dblp.org/rec/bib/conf/icmc/2011},
  bibsource = {dblp computer science bibliography, https://dblp.org}
}
@proceedings{DBLP:conf/icmc/2010,
  title     = {Proceedings of the 2010 International Computer Music Conference, {ICMC}
               2010, New York, USA, 2010},
  publisher = {Michigan Publishing},
  year      = {2010},
  url       = {http://quod.lib.umich.edu/i/icmc/bbp2372.2010},
  timestamp = {Tue, 02 Feb 2016 15:02:19 +0100},
  biburl    = {https://dblp.org/rec/bib/conf/icmc/2010},
  bibsource = {dblp computer science bibliography, https://dblp.org}
}
@proceedings{DBLP:conf/icmc/2009,
  title     = {Proceedings of the 2009 International Computer Music Conference, {ICMC}
               2009, Montreal, Quebec, Canada, August 16-21, 2009},
  publisher = {Michigan Publishing},
  year      = {2009},
  url       = {http://quod.lib.umich.edu/i/icmc/bbp2372.2009},
  timestamp = {Wed, 03 Feb 2016 13:44:38 +0100},
  biburl    = {https://dblp.org/rec/bib/conf/icmc/2009},
  bibsource = {dblp computer science bibliography, https://dblp.org}
}
@proceedings{DBLP:conf/icmc/2008,
  title     = {Proceedings of the 2008 International Computer Music Conference, {ICMC}
               2008, Belfast, Ireland, August 24-29, 2008},
  publisher = {Michigan Publishing},
  year      = {2008},
  url       = {http://quod.lib.umich.edu/i/icmc/bbp2372.2008},
  timestamp = {Wed, 03 Feb 2016 13:44:53 +0100},
  biburl    = {https://dblp.org/rec/bib/conf/icmc/2008},
  bibsource = {dblp computer science bibliography, https://dblp.org}
}
@proceedings{DBLP:conf/icmc/2007,
  title     = {Proceedings of the 2007 International Computer Music Conference, {ICMC}
               2007, Copenhagen, Denmark, August 27-31, 2007},
  publisher = {Michigan Publishing},
  year      = {2007},
  url       = {http://quod.lib.umich.edu/i/icmc/bbp2372.2007},
  timestamp = {Thu, 04 Feb 2016 16:18:18 +0100},
  biburl    = {https://dblp.org/rec/bib/conf/icmc/2007},
  bibsource = {dblp computer science bibliography, https://dblp.org}
}
@proceedings{DBLP:conf/icmc/2006,
  title     = {Proceedings of the 2006 International Computer Music Conference, {ICMC}
               2006, New Orleans, Louisiana, USA, November 6-11, 2006},
  publisher = {Michigan Publishing},
  year      = {2006},
  url       = {http://quod.lib.umich.edu/i/icmc/bbp2372.2006},
  timestamp = {Sat, 06 Feb 2016 13:58:21 +0100},
  biburl    = {https://dblp.org/rec/bib/conf/icmc/2006},
  bibsource = {dblp computer science bibliography, https://dblp.org}
}
@proceedings{DBLP:conf/icmc/2005,
  title     = {Proceedings of the 2005 International Computer Music Conference, {ICMC}
               2005, Barcelona, Spain, September 4-10, 2005},
  publisher = {Michigan Publishing},
  year      = {2005},
  url       = {http://quod.lib.umich.edu/i/icmc/bbp2372.2005},
  timestamp = {Mon, 08 Feb 2016 16:21:52 +0100},
  biburl    = {https://dblp.org/rec/bib/conf/icmc/2005},
  bibsource = {dblp computer science bibliography, https://dblp.org}
}
@proceedings{DBLP:conf/icmc/2004,
  title     = {Proceedings of the 2004 International Computer Music Conference, {ICMC}
               2004, Miami, Florida, USA, November 1-6, 2004},
  publisher = {Michigan Publishing},
  year      = {2004},
  url       = {http://quod.lib.umich.edu/i/icmc/bbp2372.2004},
  timestamp = {Tue, 09 Feb 2016 13:59:30 +0100},
  biburl    = {https://dblp.org/rec/bib/conf/icmc/2004},
  bibsource = {dblp computer science bibliography, https://dblp.org}
}
@proceedings{DBLP:conf/icmc/2003,
  title     = {Proceedings of the 2003 International Computer Music Conference, {ICMC}
               2003, Singapore, September 29 - October 4, 2003},
  publisher = {Michigan Publishing},
  year      = {2003},
  url       = {http://quod.lib.umich.edu/i/icmc/bbp2372.2003},
  timestamp = {Mon, 15 Feb 2016 12:57:27 +0100},
  biburl    = {https://dblp.org/rec/bib/conf/icmc/2003},
  bibsource = {dblp computer science bibliography, https://dblp.org}
}
@proceedings{DBLP:conf/icmc/2002,
  title     = {Proceedings of the 2002 International Computer Music Conference, {ICMC}
               2002, Gothenburg, Sweden, September 16-21, 2002},
  publisher = {Michigan Publishing},
  year      = {2002},
  url       = {http://quod.lib.umich.edu/i/icmc/bbp2372.2002},
  timestamp = {Tue, 16 Feb 2016 14:03:41 +0100},
  biburl    = {https://dblp.org/rec/bib/conf/icmc/2002},
  bibsource = {dblp computer science bibliography, https://dblp.org}
}
@proceedings{DBLP:conf/icmc/2001,
  title     = {Proceedings of the 2001 International Computer Music Conference, {ICMC}
               2001, Havana, Cuba, September 17-22, 2001},
  publisher = {Michigan Publishing},
  year      = {2001},
  url       = {http://quod.lib.umich.edu/i/icmc/bbp2372.2001},
  timestamp = {Wed, 17 Feb 2016 13:12:29 +0100},
  biburl    = {https://dblp.org/rec/bib/conf/icmc/2001},
  bibsource = {dblp computer science bibliography, https://dblp.org}
}
@proceedings{DBLP:conf/icmc/2000,
  title     = {Proceedings of the 2000 International Computer Music Conference, {ICMC}
               2000, Berlin, Germany, August 27 - September 1, 2000},
  publisher = {Michigan Publishing},
  year      = {2000},
  url       = {http://quod.lib.umich.edu/i/icmc/bbp2372.2000},
  timestamp = {Thu, 18 Feb 2016 14:12:23 +0100},
  biburl    = {https://dblp.org/rec/bib/conf/icmc/2000},
  bibsource = {dblp computer science bibliography, https://dblp.org}
}
@proceedings{DBLP:conf/icmc/1999,
  title     = {Proceedings of the 1999 International Computer Music Conference, {ICMC}
               1999, Beijing, China, October 22-27, 1999},
  publisher = {Michigan Publishing},
  year      = {1999},
  url       = {http://quod.lib.umich.edu/i/icmc/bbp2372.1999},
  timestamp = {Fri, 19 Feb 2016 13:32:53 +0100},
  biburl    = {https://dblp.org/rec/bib/conf/icmc/1999},
  bibsource = {dblp computer science bibliography, https://dblp.org}
}
@proceedings{DBLP:conf/icmc/1998,
  title     = {Proceedings of the 1998 International Computer Music Conference, {ICMC}
               1998, Ann Arbor, Michigan, USA, October 1-6, 1998},
  publisher = {Michigan Publishing},
  year      = {1998},
  url       = {http://quod.lib.umich.edu/i/icmc/bbp2372.1998},
  timestamp = {Mon, 22 Feb 2016 14:53:50 +0100},
  biburl    = {https://dblp.org/rec/bib/conf/icmc/1998},
  bibsource = {dblp computer science bibliography, https://dblp.org}
}

@proceedings{DBLP:conf/icmc/1997,
  title     = {Proceedings of the 1997 International Computer Music Conference, {ICMC}
               1997, Thessaloniki, Greece, September 25-30, 1997},
  publisher = {Michigan Publishing},
  year      = {1997},
  url       = {http://quod.lib.umich.edu/i/icmc/bbp2372.1997},
  timestamp = {Thu, 18 Feb 2016 14:13:38 +0100},
  biburl    = {https://dblp.org/rec/bib/conf/icmc/1997},
  bibsource = {dblp computer science bibliography, https://dblp.org}
}
@proceedings{DBLP:conf/icmc/1996,
  title     = {Proceedings of the 1996 International Computer Music Conference, {ICMC}
               1996, Hong Kong, August 19-24, 1996},
  publisher = {Michigan Publishing},
  year      = {1996},
  url       = {http://quod.lib.umich.edu/i/icmc/bbp2372.1996},
  timestamp = {Wed, 17 Feb 2016 13:12:47 +0100},
  biburl    = {https://dblp.org/rec/bib/conf/icmc/1996},
  bibsource = {dblp computer science bibliography, https://dblp.org}
}
@proceedings{DBLP:conf/icmc/1995,
  title     = {Proceedings of the 1995 International Computer Music Conference, {ICMC}
               1995, Banff, AB, Canada, September 3-7, 1995},
  publisher = {Michigan Publishing},
  year      = {1995},
  url       = {http://quod.lib.umich.edu/i/icmc/bbp2372.1995},
  timestamp = {Tue, 16 Feb 2016 14:03:25 +0100},
  biburl    = {https://dblp.org/rec/bib/conf/icmc/1995},
  bibsource = {dblp computer science bibliography, https://dblp.org}
}
@proceedings{DBLP:conf/icmc/1994,
  title     = {Proceedings of the 1994 International Computer Music Conference, {ICMC}
               1994, Aarhus, Denmark, September 12-17, 1994},
  publisher = {Michigan Publishing},
  year      = {1994},
  url       = {http://quod.lib.umich.edu/i/icmc/bbp2372.1994},
  timestamp = {Mon, 15 Feb 2016 15:48:11 +0100},
  biburl    = {https://dblp.org/rec/bib/conf/icmc/1994},
  bibsource = {dblp computer science bibliography, https://dblp.org}
}
@proceedings{DBLP:conf/icmc/1993,
  title     = {Opening a New Horizon: Proceedings of the 1993 International Computer
               Music Conference, {ICMC} 1993, Tokio, Japan, September 10-15, 1993},
  publisher = {Michigan Publishing},
  year      = {1993},
  url       = {http://quod.lib.umich.edu/i/icmc/bbp2372.1993},
  timestamp = {Tue, 09 Feb 2016 13:59:56 +0100},
  biburl    = {https://dblp.org/rec/bib/conf/icmc/1993},
  bibsource = {dblp computer science bibliography, https://dblp.org}
}
@proceedings{DBLP:conf/icmc/1992,
  title     = {Proceedings of the 1992 International Computer Music Conference, {ICMC}
               1992, San Jose, California, USA, October 14-18, 1992},
  publisher = {Michigan Publishing},
  year      = {1992},
  url       = {http://quod.lib.umich.edu/i/icmc/bbp2372.1992},
  timestamp = {Mon, 08 Feb 2016 16:21:31 +0100},
  biburl    = {https://dblp.org/rec/bib/conf/icmc/1992},
  bibsource = {dblp computer science bibliography, https://dblp.org}
}
@proceedings{DBLP:conf/icmc/1991,
  title     = {Proceedings of the 1991 International Computer Music Conference, {ICMC}
               1991, Montreal, Quebec, Canada, October 16-20, 1991},
  publisher = {Michigan Publishing},
  year      = {1991},
  url       = {http://quod.lib.umich.edu/i/icmc/bbp2372.1991},
  timestamp = {Sat, 06 Feb 2016 13:58:48 +0100},
  biburl    = {https://dblp.org/rec/bib/conf/icmc/1991},
  bibsource = {dblp computer science bibliography, https://dblp.org}
}
@proceedings{DBLP:conf/icmc/1990,
  title     = {Proceedings of the 1990 International Computer Music Conference, {ICMC}
               1990, Glasgow, Scotland, September 10-15, 1990},
  publisher = {Michigan Publishing},
  year      = {1990},
  url       = {http://quod.lib.umich.edu/i/icmc/bbp2372.1990},
  timestamp = {Wed, 03 Feb 2016 14:17:11 +0100},
  biburl    = {https://dblp.org/rec/bib/conf/icmc/1990},
  bibsource = {dblp computer science bibliography, https://dblp.org}
}
@proceedings{DBLP:conf/icmc/1989,
  title     = {Proceedings of the 1989 International Computer Music Conference, {ICMC}
               1989, Columbus, Ohio, USA, November 2-5, 1989},
  publisher = {Michigan Publishing},
  year      = {1989},
  url       = {http://quod.lib.umich.edu/i/icmc/bbp2372.1989},
  timestamp = {Tue, 23 Feb 2016 15:32:55 +0100},
  biburl    = {https://dblp.org/rec/bib/conf/icmc/1989},
  bibsource = {dblp computer science bibliography, https://dblp.org}
}
@proceedings{DBLP:conf/icmc/1988,
  title     = {Proceedings of the 1988 International Computer Music Conference, {ICMC}
               1988, Cologne, Germany, September 20-25, 1988},
  publisher = {Michigan Publishing},
  year      = {1988},
  url       = {http://quod.lib.umich.edu/i/icmc/bbp2372.1988},
  timestamp = {Fri, 19 Feb 2016 13:33:08 +0100},
  biburl    = {https://dblp.org/rec/bib/conf/icmc/1988},
  bibsource = {dblp computer science bibliography, https://dblp.org}
}
@proceedings{DBLP:conf/icmc/1987,
  title     = {Proceedings of the 1987 International Computer Music Conference, {ICMC}
               1987, Champaign/Urbana, Illinois, USA, August 23-26, 1987},
  publisher = {Michigan Publishing},
  year      = {1987},
  url       = {http://quod.lib.umich.edu/i/icmc/bbp2372.1987},
  timestamp = {Thu, 18 Feb 2016 14:13:54 +0100},
  biburl    = {https://dblp.org/rec/bib/conf/icmc/1987},
  bibsource = {dblp computer science bibliography, https://dblp.org}
}
@proceedings{DBLP:conf/icmc/1986,
  title     = {Proceedings of the 1986 International Computer Music Conference, {ICMC}
               1986, Den Haag, The Netherlands, October 20-24, 1986},
  publisher = {Michigan Publishing},
  year      = {1986},
  url       = {http://quod.lib.umich.edu/i/icmc/bbp2372.1986},
  timestamp = {Wed, 17 Feb 2016 13:13:04 +0100},
  biburl    = {https://dblp.org/rec/bib/conf/icmc/1986},
  bibsource = {dblp computer science bibliography, https://dblp.org}
}
@proceedings{DBLP:conf/icmc/1985,
  title     = {Proceedings of the 1985 International Computer Music Conference, {ICMC}
               1985, Burnaby, BC, Canada, August 19-22, 1985},
  publisher = {Michigan Publishing},
  year      = {1985},
  url       = {http://quod.lib.umich.edu/i/icmc/bbp2372.1985},
  timestamp = {Tue, 16 Feb 2016 14:03:10 +0100},
  biburl    = {https://dblp.org/rec/bib/conf/icmc/1985},
  bibsource = {dblp computer science bibliography, https://dblp.org}
}
@proceedings{DBLP:conf/icmc/1984,
  title     = {Proceedings of the 1984 International Computer Music Conference, {ICMC}
               1984, Paris, France, October 19-23, 1984},
  publisher = {Michigan Publishing},
  year      = {1984},
  url       = {http://quod.lib.umich.edu/i/icmc/bbp2372.1984},
  timestamp = {Mon, 15 Feb 2016 12:57:09 +0100},
  biburl    = {https://dblp.org/rec/bib/conf/icmc/1984},
  bibsource = {dblp computer science bibliography, https://dblp.org}
}
@proceedings{DBLP:conf/icmc/1983,
  title     = {Proceedings of the 1983 International Computer Music Conference, {ICMC}
               1983, Rochester, New York, USA, October 7-10, 1983},
  publisher = {Michigan Publishing},
  year      = {1983},
  url       = {http://quod.lib.umich.edu/i/icmc/bbp2372.1983},
  timestamp = {Tue, 09 Feb 2016 14:00:12 +0100},
  biburl    = {https://dblp.org/rec/bib/conf/icmc/1983},
  bibsource = {dblp computer science bibliography, https://dblp.org}
}
@proceedings{DBLP:conf/icmc/1982,
  title     = {Proceedings of the 1982 International Computer Music Conference, {ICMC}
               1982, Venice, Italy, September 27 - October 1, 1982},
  publisher = {Michigan Publishing},
  year      = {1982},
  url       = {http://quod.lib.umich.edu/i/icmc/bbp2372.1982},
  timestamp = {Mon, 08 Feb 2016 16:21:15 +0100},
  biburl    = {https://dblp.org/rec/bib/conf/icmc/1982},
  bibsource = {dblp computer science bibliography, https://dblp.org}
}
@proceedings{DBLP:conf/icmc/1981,
  title     = {Proceedings of the 1981 International Computer Music Conference, {ICMC}
               1981, Denton, Texas, USA, 1981},
  publisher = {Michigan Publishing},
  year      = {1981},
  url       = {http://quod.lib.umich.edu/i/icmc/bbp2372.1981},
  timestamp = {Sat, 06 Feb 2016 13:59:18 +0100},
  biburl    = {https://dblp.org/rec/bib/conf/icmc/1981},
  bibsource = {dblp computer science bibliography, https://dblp.org}
}

@proceedings{DBLP:conf/icmc/1980,
  title     = {Proceedings of the 1980 International Computer Music Conference, {ICMC}
               1980, New York City, USA, 1980},
  publisher = {Michigan Publishing},
  year      = {1980},
  url       = {http://quod.lib.umich.edu/i/icmc/bbp2372.1980},
  timestamp = {Thu, 04 Feb 2016 16:17:55 +0100},
  biburl    = {https://dblp.org/rec/bib/conf/icmc/1980},
  bibsource = {dblp computer science bibliography, https://dblp.org}
}

@proceedings{DBLP:conf/icmc/1978,
  title     = {Proceedings of the 1978 International Computer Music Conference, {ICMC}
               1978, Evanston, Illinois, USA, 1978},
  publisher = {Michigan Publishing},
  year      = {1978},
  url       = {http://quod.lib.umich.edu/i/icmc/bbp2372.1978},
  timestamp = {Thu, 04 Feb 2016 16:17:37 +0100},
  biburl    = {https://dblp.org/rec/bib/conf/icmc/1978},
  bibsource = {dblp computer science bibliography, https://dblp.org}
}