@inproceedings{DBLP:conf/ismir/Sapp05,
  author    = {Craig Stuart Sapp},
  title     = {Online Database of Scores in the Humdrum File Format},
  booktitle = {{ISMIR} 2005, 6th International Conference on Music Information Retrieval,
               London, UK, 11-15 September 2005, Proceedings},
  pages     = {664--665},
  year      = {2005},
  crossref  = {DBLP:conf/ismir/2005},
  url       = {http://ismir2005.ismir.net/proceedings/3123.pdf},
  timestamp = {Wed, 01 Mar 2006 15:23:32 +0100},
  biburl    = {https://dblp.org/rec/bib/conf/ismir/Sapp05},
  bibsource = {dblp computer science bibliography, https://dblp.org}
}
@inproceedings{DBLP:conf/ismir/Meseguer-Brocal18,
  author    = {Gabriel Meseguer{-}Brocal and
               Alice Cohen{-}Hadria and
               Geoffroy Peeters},
  title     = {{DALI:} {A} Large Dataset of Synchronized Audio, Lyrics and notes,
               Automatically Created using Teacher-student Machine Learning Paradigm.},
  booktitle = {Proceedings of the 19th International Society for Music Information
               Retrieval Conference, {ISMIR} 2018, Paris, France, September 23-27,
               2018},
  pages     = {431--437},
  year      = {2018},
  crossref  = {DBLP:conf/ismir/2018},
  url       = {http://ismir2018.ircam.fr/doc/pdfs/35_Paper.pdf},
  timestamp = {Tue, 20 Nov 2018 15:33:12 +0100},
  biburl    = {https://dblp.org/rec/bib/conf/ismir/Meseguer-Brocal18},
  bibsource = {dblp computer science bibliography, https://dblp.org}
}
@inproceedings{DBLP:conf/ismir/WilkinsSWP18,
  author    = {Julia Wilkins and
               Prem Seetharaman and
               Alison Wahl and
               Bryan Pardo},
  title     = {VocalSet: {A} Singing Voice Dataset},
  booktitle = {Proceedings of the 19th International Society for Music Information
               Retrieval Conference, {ISMIR} 2018, Paris, France, September 23-27,
               2018},
  pages     = {468--474},
  year      = {2018},
  crossref  = {DBLP:conf/ismir/2018},
  url       = {http://ismir2018.ircam.fr/doc/pdfs/114_Paper.pdf},
  timestamp = {Tue, 20 Nov 2018 15:33:12 +0100},
  biburl    = {https://dblp.org/rec/bib/conf/ismir/WilkinsSWP18},
  bibsource = {dblp computer science bibliography, https://dblp.org}
}
@inproceedings{DBLP:conf/ismir/HumphreyDM18,
  author    = {Eric Humphrey and
               Simon Durand and
               Brian McFee},
  title     = {OpenMIC-2018: An Open Data-set for Multiple Instrument Recognition},
  booktitle = {Proceedings of the 19th International Society for Music Information
               Retrieval Conference, {ISMIR} 2018, Paris, France, September 23-27,
               2018},
  pages     = {438--444},
  year      = {2018},
  crossref  = {DBLP:conf/ismir/2018},
  url       = {http://ismir2018.ircam.fr/doc/pdfs/248_Paper.pdf},
  timestamp = {Tue, 20 Nov 2018 15:33:12 +0100},
  biburl    = {https://dblp.org/rec/bib/conf/ismir/HumphreyDM18},
  bibsource = {dblp computer science bibliography, https://dblp.org}
}
@inproceedings{DBLP:conf/ismir/DonahueMM18,
  author    = {Chris Donahue and
               Huanru Henry Mao and
               Julian McAuley},
  title     = {The {NES} Music Database: {A} multi-instrumental dataset with expressive
               performance attributes},
  booktitle = {Proceedings of the 19th International Society for Music Information
               Retrieval Conference, {ISMIR} 2018, Paris, France, September 23-27,
               2018},
  pages     = {475--482},
  year      = {2018},
  crossref  = {DBLP:conf/ismir/2018},
  url       = {http://ismir2018.ircam.fr/doc/pdfs/265_Paper.pdf},
  timestamp = {Tue, 20 Nov 2018 15:33:12 +0100},
  biburl    = {https://dblp.org/rec/bib/conf/ismir/DonahueMM18},
  bibsource = {dblp computer science bibliography, https://dblp.org}
}
@inproceedings{DBLP:conf/ismir/EremenkoDBS18,
  author    = {Vsevolod Eremenko and
               Emir Demirel and
               Baris Bozkurt and
               Xavier Serra},
  title     = {Audio-Aligned Jazz Harmony Dataset for Automatic Chord Transcription
               and Corpus-based Research},
  booktitle = {Proceedings of the 19th International Society for Music Information
               Retrieval Conference, {ISMIR} 2018, Paris, France, September 23-27,
               2018},
  pages     = {483--490},
  year      = {2018},
  crossref  = {DBLP:conf/ismir/2018},
  url       = {http://ismir2018.ircam.fr/doc/pdfs/206_Paper.pdf},
  timestamp = {Tue, 20 Nov 2018 15:33:12 +0100},
  biburl    = {https://dblp.org/rec/bib/conf/ismir/EremenkoDBS18},
  bibsource = {dblp computer science bibliography, https://dblp.org}
}
@inproceedings{DBLP:conf/ismir/XiBPYB18,
  author    = {Qingyang Xi and
               Rachel M. Bittner and
               Johan Pauwels and
               Xuzhou Ye and
               Juan Pablo Bello},
  title     = {GuitarSet: {A} Dataset for Guitar Transcription},
  booktitle = {Proceedings of the 19th International Society for Music Information
               Retrieval Conference, {ISMIR} 2018, Paris, France, September 23-27,
               2018},
  pages     = {453--460},
  year      = {2018},
  crossref  = {DBLP:conf/ismir/2018},
  url       = {http://ismir2018.ircam.fr/doc/pdfs/188_Paper.pdf},
  timestamp = {Tue, 20 Nov 2018 15:33:12 +0100},
  biburl    = {https://dblp.org/rec/bib/conf/ismir/XiBPYB18},
  bibsource = {dblp computer science bibliography, https://dblp.org}
}
@proceedings{DBLP:conf/ismir/2018,
  editor    = {Emilia G{\'{o}}mez and
               Xiao Hu and
               Eric Humphrey and
               Emmanouil Benetos},
  title     = {Proceedings of the 19th International Society for Music Information
               Retrieval Conference, {ISMIR} 2018, Paris, France, September 23-27,
               2018},
  year      = {2018},
  isbn      = {978-2-9540351-2-3},
  timestamp = {Tue, 20 Nov 2018 15:32:44 +0100},
  biburl    = {https://dblp.org/rec/bib/conf/ismir/2018},
  bibsource = {dblp computer science bibliography, https://dblp.org}
}
@inproceedings{DBLP:conf/ismir/Parada-Cabaleiro17,
  author    = {Emilia Parada{-}Cabaleiro and
               Anton Batliner and
               Alice Baird and
               Bj{\"{o}}rn W. Schuller},
  title     = {The {SEILS} Dataset: Symbolically Encoded Scores in Modern-Early Notation
               for Computational Musicology},
  booktitle = {Proceedings of the 18th International Society for Music Information
               Retrieval Conference, {ISMIR} 2017, Suzhou, China, October 23-27,
               2017},
  pages     = {575--581},
  year      = {2017},
  crossref  = {DBLP:conf/ismir/2017},
  url       = {https://ismir2017.smcnus.org/wp-content/uploads/2017/10/14_Paper.pdf},
  timestamp = {Mon, 28 May 2018 13:15:26 +0200},
  biburl    = {https://dblp.org/rec/bib/conf/ismir/Parada-Cabaleiro17},
  bibsource = {dblp computer science bibliography, https://dblp.org}
}
@inproceedings{DBLP:conf/ismir/VigliensoniF17,
  author    = {Gabriel Vigliensoni and
               Ichiro Fujinaga},
  title     = {The Music Listening Histories Dataset},
  booktitle = {Proceedings of the 18th International Society for Music Information
               Retrieval Conference, {ISMIR} 2017, Suzhou, China, October 23-27,
               2017},
  pages     = {96--102},
  year      = {2017},
  crossref  = {DBLP:conf/ismir/2017},
  url       = {https://ismir2017.smcnus.org/wp-content/uploads/2017/10/180_Paper.pdf},
  timestamp = {Mon, 28 May 2018 13:15:26 +0200},
  biburl    = {https://dblp.org/rec/bib/conf/ismir/VigliensoniF17},
  bibsource = {dblp computer science bibliography, https://dblp.org}
}
@inproceedings{DBLP:conf/ismir/CrestelEHM17,
  author    = {L{\'{e}}opold Crestel and
               Philippe Esling and
               Lena Heng and
               Stephen McAdams},
  title     = {A Database Linking Piano and Orchestral {MIDI} Scores with Application
               to Automatic Projective Orchestration},
  booktitle = {Proceedings of the 18th International Society for Music Information
               Retrieval Conference, {ISMIR} 2017, Suzhou, China, October 23-27,
               2017},
  pages     = {592--598},
  year      = {2017},
  crossref  = {DBLP:conf/ismir/2017},
  url       = {https://ismir2017.smcnus.org/wp-content/uploads/2017/10/235_Paper.pdf},
  timestamp = {Mon, 28 May 2018 13:15:26 +0200},
  biburl    = {https://dblp.org/rec/bib/conf/ismir/CrestelEHM17},
  bibsource = {dblp computer science bibliography, https://dblp.org}
}
@inproceedings{DBLP:conf/ismir/BittnerSTMCB14,
  author    = {Rachel M. Bittner and
               Justin Salamon and
               Mike Tierney and
               Matthias Mauch and
               Chris Cannam and
               Juan Pablo Bello},
  title     = {MedleyDB: {A} Multitrack Dataset for Annotation-Intensive {MIR} Research},
  booktitle = {Proceedings of the 15th International Society for Music Information
               Retrieval Conference, {ISMIR} 2014, Taipei, Taiwan, October 27-31,
               2014},
  pages     = {155--160},
  year      = {2014},
  crossref  = {DBLP:conf/ismir/2014},
  url       = {http://www.terasoft.com.tw/conf/ismir2014/proceedings/T028_322_Paper.pdf},
  timestamp = {Fri, 19 Dec 2014 14:08:38 +0100},
  biburl    = {https://dblp.org/rec/bib/conf/ismir/BittnerSTMCB14},
  bibsource = {dblp computer science bibliography, https://dblp.org}
}
@inproceedings{DBLP:conf/ismir/HamanakaHT14,
  author    = {Masatoshi Hamanaka and
               Keiji Hirata and
               Satoshi Tojo},
  title     = {Musical Structural Analysis Database Based on {GTTM}},
  booktitle = {Proceedings of the 15th International Society for Music Information
               Retrieval Conference, {ISMIR} 2014, Taipei, Taiwan, October 27-31,
               2014},
  pages     = {325--330},
  year      = {2014},
  crossref  = {DBLP:conf/ismir/2014},
  url       = {http://www.terasoft.com.tw/conf/ismir2014/proceedings/T059_257_Paper.pdf},
  timestamp = {Fri, 19 Dec 2014 14:08:38 +0100},
  biburl    = {https://dblp.org/rec/bib/conf/ismir/HamanakaHT14},
  bibsource = {dblp computer science bibliography, https://dblp.org}
}
@inproceedings{DBLP:conf/ismir/AntilaC14,
  author    = {Christopher Antila and
               Julie Cumming},
  title     = {The {VIS} Framework: Analyzing Counterpoint in Large Datasets},
  booktitle = {Proceedings of the 15th International Society for Music Information
               Retrieval Conference, {ISMIR} 2014, Taipei, Taiwan, October 27-31,
               2014},
  pages     = {71--76},
  year      = {2014},
  crossref  = {DBLP:conf/ismir/2014},
  url       = {http://www.terasoft.com.tw/conf/ismir2014/proceedings/T014_162_Paper.pdf},
  timestamp = {Fri, 19 Dec 2014 14:08:38 +0100},
  biburl    = {https://dblp.org/rec/bib/conf/ismir/AntilaC14},
  bibsource = {dblp computer science bibliography, https://dblp.org}
}
@inproceedings{DBLP:conf/ismir/Kirlin14,
  author    = {Phillip B. Kirlin},
  title     = {A Data Set for Computational Studies of Schenkerian Analysis},
  booktitle = {Proceedings of the 15th International Society for Music Information
               Retrieval Conference, {ISMIR} 2014, Taipei, Taiwan, October 27-31,
               2014},
  pages     = {213--218},
  year      = {2014},
  crossref  = {DBLP:conf/ismir/2014},
  url       = {http://www.terasoft.com.tw/conf/ismir2014/proceedings/T039_344_Paper.pdf},
  timestamp = {Fri, 19 Dec 2014 14:08:38 +0100},
  biburl    = {https://dblp.org/rec/bib/conf/ismir/Kirlin14},
  bibsource = {dblp computer science bibliography, https://dblp.org}
}

@inproceedings{DBLP:conf/ismir/PesekGPSGSPM14,
  author    = {Matevz Pesek and
               Primoz Godec and
               Mojca Poredos and
               Gregor Strle and
               Joze Guna and
               Emilija Stojmenova and
               Matevz Pogacnik and
               Matija Marolt},
  title     = {Introducing a Dataset of Emotional and Color Responses to Music},
  booktitle = {Proceedings of the 15th International Society for Music Information
               Retrieval Conference, {ISMIR} 2014, Taipei, Taiwan, October 27-31,
               2014},
  pages     = {355--360},
  year      = {2014},
  crossref  = {DBLP:conf/ismir/2014},
  url       = {http://www.terasoft.com.tw/conf/ismir2014/proceedings/T064_307_Paper.pdf},
  timestamp = {Fri, 19 Dec 2014 14:08:38 +0100},
  biburl    = {https://dblp.org/rec/bib/conf/ismir/PesekGPSGSPM14},
  bibsource = {dblp computer science bibliography, https://dblp.org}
}


@proceedings{DBLP:conf/ismir/2014,
  editor    = {Hsin{-}Min Wang and
               Yi{-}Hsuan Yang and
               Jin Ha Lee},
  title     = {Proceedings of the 15th International Society for Music Information
               Retrieval Conference, {ISMIR} 2014, Taipei, Taiwan, October 27-31,
               2014},
  year      = {2014},
  url       = {http://www.terasoft.com.tw/conf/ismir2014/},
  timestamp = {Fri, 19 Dec 2014 14:08:38 +0100},
  biburl    = {https://dblp.org/rec/bib/conf/ismir/2014},
  bibsource = {dblp computer science bibliography, https://dblp.org}
}
@inproceedings{DBLP:conf/ismir/FonsecaPFFBFOPS17,
  author    = {Eduardo Fonseca and
               Jordi Pons and
               Xavier Favory and
               Frederic Font and
               Dmitry Bogdanov and
               Andres Ferraro and
               Sergio Oramas and
               Alastair Porter and
               Xavier Serra},
  title     = {Freesound Datasets: {A} Platform for the Creation of Open Audio Datasets},
  booktitle = {Proceedings of the 18th International Society for Music Information
               Retrieval Conference, {ISMIR} 2017, Suzhou, China, October 23-27,
               2017},
  pages     = {486--493},
  year      = {2017},
  crossref  = {DBLP:conf/ismir/2017},
  url       = {https://ismir2017.smcnus.org/wp-content/uploads/2017/10/161_Paper.pdf},
  timestamp = {Mon, 28 May 2018 13:15:26 +0200},
  biburl    = {https://dblp.org/rec/bib/conf/ismir/FonsecaPFFBFOPS17},
  bibsource = {dblp computer science bibliography, https://dblp.org}
}

@inproceedings{DBLP:conf/ismir/DefferrardBVB17,
  author    = {Micha{\"{e}}l Defferrard and
               Kirell Benzi and
               Pierre Vandergheynst and
               Xavier Bresson},
  title     = {{FMA:} {A} Dataset for Music Analysis},
  booktitle = {Proceedings of the 18th International Society for Music Information
               Retrieval Conference, {ISMIR} 2017, Suzhou, China, October 23-27,
               2017},
  pages     = {316--323},
  year      = {2017},
  crossref  = {DBLP:conf/ismir/2017},
  url       = {https://ismir2017.smcnus.org/wp-content/uploads/2017/10/75_Paper.pdf},
  timestamp = {Mon, 28 May 2018 13:15:26 +0200},
  biburl    = {https://dblp.org/rec/bib/conf/ismir/DefferrardBVB17},
  bibsource = {dblp computer science bibliography, https://dblp.org}
}

@proceedings{DBLP:conf/ismir/2017,
  editor    = {Sally Jo Cunningham and
               Zhiyao Duan and
               Xiao Hu and
               Douglas Turnbull},
  title     = {Proceedings of the 18th International Society for Music Information
               Retrieval Conference, {ISMIR} 2017, Suzhou, China, October 23-27,
               2017},
  year      = {2017},
  isbn      = {978-981-11-5179-8},
  timestamp = {Mon, 28 May 2018 13:15:26 +0200},
  biburl    = {https://dblp.org/rec/bib/conf/ismir/2017},
  bibsource = {dblp computer science bibliography, https://dblp.org}
}
@inproceedings{DBLP:conf/ismir/ProutskovaRWC12,
  author    = {Polina Proutskova and
               Christophe Rhodes and
               Geraint A. Wiggins and
               Tim Crawford},
  title     = {Breathy or Resonant - {A} Controlled and Curated Dataset for Phonation
               Mode Detection in Singing},
  booktitle = {Proceedings of the 13th International Society for Music Information
               Retrieval Conference, {ISMIR} 2012, Mosteiro S.Bento Da Vit{\'{o}}ria,
               Porto, Portugal, October 8-12, 2012},
  pages     = {589--594},
  year      = {2012},
  crossref  = {DBLP:conf/ismir/2012},
  url       = {http://ismir2012.ismir.net/event/papers/589-ismir-2012.pdf},
  timestamp = {Thu, 25 Oct 2012 15:38:35 +0200},
  biburl    = {https://dblp.org/rec/bib/conf/ismir/ProutskovaRWC12},
  bibsource = {dblp computer science bibliography, https://dblp.org}
}
@inproceedings{DBLP:conf/ismir/Karaosmanoglu12,
  author    = {Mustafa Kemal Karaosmanoglu},
  title     = {A Turkish Makam Music Symbolic Database for Music Information Retrieval:
               SymbTr},
  booktitle = {Proceedings of the 13th International Society for Music Information
               Retrieval Conference, {ISMIR} 2012, Mosteiro S.Bento Da Vit{\'{o}}ria,
               Porto, Portugal, October 8-12, 2012},
  pages     = {223--228},
  year      = {2012},
  crossref  = {DBLP:conf/ismir/2012},
  url       = {http://ismir2012.ismir.net/event/papers/223-ismir-2012.pdf},
  timestamp = {Thu, 25 Oct 2012 15:38:35 +0200},
  biburl    = {https://dblp.org/rec/bib/conf/ismir/Karaosmanoglu12},
  bibsource = {dblp computer science bibliography, https://dblp.org}
}
@proceedings{DBLP:conf/ismir/2012,
  editor    = {Fabien Gouyon and
               Perfecto Herrera and
               Luis Gustavo Martins and
               Meinard M{\"{u}}ller},
  title     = {Proceedings of the 13th International Society for Music Information
               Retrieval Conference, {ISMIR} 2012, Mosteiro S.Bento Da Vit{\'{o}}ria,
               Porto, Portugal, October 8-12, 2012},
  publisher = {{FEUP} Edi{\c{c}}{\~{o}}es},
  year      = {2012},
  isbn      = {978-972-752-144-9},
  timestamp = {Thu, 25 Oct 2012 15:21:44 +0200},
  biburl    = {https://dblp.org/rec/bib/conf/ismir/2012},
  bibsource = {dblp computer science bibliography, https://dblp.org}
}
@inproceedings{DBLP:conf/ismir/SmithBFRD11,
  author    = {Jordan Bennett Louis Smith and
               John Ashley Burgoyne and
               Ichiro Fujinaga and
               David De Roure and
               J. Stephen Downie},
  title     = {Design and creation of a large-scale database of structural annotations},
  booktitle = {Proceedings of the 12th International Society for Music Information
               Retrieval Conference, {ISMIR} 2011, Miami, Florida, USA, October 24-28,
               2011},
  pages     = {555--560},
  year      = {2011},
  crossref  = {DBLP:conf/ismir/2011},
  url       = {http://ismir2011.ismir.net/papers/PS4-14.pdf},
  timestamp = {Tue, 06 Dec 2011 14:29:59 +0100},
  biburl    = {https://dblp.org/rec/bib/conf/ismir/SmithBFRD11},
  bibsource = {dblp computer science bibliography, https://dblp.org}
}
@inproceedings{DBLP:conf/ismir/Bertin-MahieuxEWL11,
  author    = {Thierry Bertin{-}Mahieux and
               Daniel P. W. Ellis and
               Brian Whitman and
               Paul Lamere},
  title     = {The Million Song Dataset},
  booktitle = {Proceedings of the 12th International Society for Music Information
               Retrieval Conference, {ISMIR} 2011, Miami, Florida, USA, October 24-28,
               2011},
  pages     = {591--596},
  year      = {2011},
  crossref  = {DBLP:conf/ismir/2011},
  url       = {http://ismir2011.ismir.net/papers/OS6-1.pdf},
  timestamp = {Tue, 06 Dec 2011 14:29:59 +0100},
  biburl    = {https://dblp.org/rec/bib/conf/ismir/Bertin-MahieuxEWL11},
  bibsource = {dblp computer science bibliography, https://dblp.org}
}
@proceedings{DBLP:conf/ismir/2011,
  editor    = {Anssi Klapuri and
               Colby Leider},
  title     = {Proceedings of the 12th International Society for Music Information
               Retrieval Conference, {ISMIR} 2011, Miami, Florida, USA, October 24-28,
               2011},
  publisher = {University of Miami},
  year      = {2011},
  url       = {http://ismir2011.ismir.net/},
  isbn      = {978-0-615-54865-4},
  timestamp = {Tue, 06 Dec 2011 14:29:40 +0100},
  biburl    = {https://dblp.org/rec/bib/conf/ismir/2011},
  bibsource = {dblp computer science bibliography, https://dblp.org}
}

@inproceedings{DBLP:conf/ismir/HaugerSKT13,
  author    = {David Hauger and
               Markus Schedl and
               Andrej Kosir and
               Marko Tkalcic},
  title     = {The Million Musical Tweet Dataset - What We Can Learn From Microblogs},
  booktitle = {Proceedings of the 14th International Society for Music Information
               Retrieval Conference, {ISMIR} 2013, Curitiba, Brazil, November 4-8,
               2013},
  pages     = {189--194},
  year      = {2013},
  crossref  = {DBLP:conf/ismir/2013},
  url       = {http://www.ppgia.pucpr.br/ismir2013/wp-content/uploads/2013/09/85_Paper.pdf},
  timestamp = {Thu, 05 Dec 2013 19:04:26 +0100},
  biburl    = {https://dblp.org/rec/bib/conf/ismir/HaugerSKT13},
  bibsource = {dblp computer science bibliography, https://dblp.org}
}

@proceedings{DBLP:conf/ismir/2013,
  editor    = {Alceu de Souza Britto Jr. and
               Fabien Gouyon and
               Simon Dixon},
  title     = {Proceedings of the 14th International Society for Music Information
               Retrieval Conference, {ISMIR} 2013, Curitiba, Brazil, November 4-8,
               2013},
  year      = {2013},
  isbn      = {978-0-615-90065-0},
  timestamp = {Thu, 05 Dec 2013 18:14:04 +0100},
  biburl    = {https://dblp.org/rec/bib/conf/ismir/2013},
  bibsource = {dblp computer science bibliography, https://dblp.org}
}


@inproceedings{DBLP:conf/ismir/KneesFHVBHG15,
  author    = {Peter Knees and
               {\'{A}}ngel Faraldo and
               Perfecto Herrera and
               Richard Vogl and
               Sebastian B{\"{o}}ck and
               Florian H{\"{o}}rschl{\"{a}}ger and
               Mickael Le Goff},
  title     = {Two Data Sets for Tempo Estimation and Key Detection in Electronic
               Dance Music Annotated from User Corrections},
  booktitle = {Proceedings of the 16th International Society for Music Information
               Retrieval Conference, {ISMIR} 2015, M{\'{a}}laga, Spain, October
               26-30, 2015},
  pages     = {364--370},
  year      = {2015},
  crossref  = {DBLP:conf/ismir/2015},
  url       = {http://ismir2015.uma.es/articles/246_Paper.pdf},
  timestamp = {Thu, 05 Nov 2015 12:42:24 +0100},
  biburl    = {https://dblp.org/rec/bib/conf/ismir/KneesFHVBHG15},
  bibsource = {dblp computer science bibliography, https://dblp.org}
}
@inproceedings{DBLP:conf/ismir/DevaneyACN15,
  author    = {Johanna Devaney and
               Claire Arthur and
               Nathaniel Condit{-}Schultz and
               Kirsten Nisula},
  title     = {Theme And Variation Encodings with Roman Numerals {(TAVERN):} {A}
               New Data Set for Symbolic Music Analysis},
  booktitle = {Proceedings of the 16th International Society for Music Information
               Retrieval Conference, {ISMIR} 2015, M{\'{a}}laga, Spain, October
               26-30, 2015},
  pages     = {728--734},
  year      = {2015},
  crossref  = {DBLP:conf/ismir/2015},
  url       = {http://ismir2015.uma.es/articles/261_Paper.pdf},
  timestamp = {Thu, 05 Nov 2015 12:42:24 +0100},
  biburl    = {https://dblp.org/rec/bib/conf/ismir/DevaneyACN15},
  bibsource = {dblp computer science bibliography, https://dblp.org}
}
@proceedings{DBLP:conf/ismir/2015,
  editor    = {Meinard M{\"{u}}ller and
               Frans Wiering},
  title     = {Proceedings of the 16th International Society for Music Information
               Retrieval Conference, {ISMIR} 2015, M{\'{a}}laga, Spain, October
               26-30, 2015},
  year      = {2015},
  isbn      = {978-84-606-8853-2},
  timestamp = {Thu, 05 Nov 2015 09:37:00 +0100},
  biburl    = {https://dblp.org/rec/bib/conf/ismir/2015},
  bibsource = {dblp computer science bibliography, https://dblp.org}
}
@inproceedings{DBLP:conf/ismir/HashidaMK08,
  author    = {Mitsuyo Hashida and
               Toshie Matsui and
               Haruhiro Katayose},
  title     = {A New Music Database Describing Deviation Information of Performance
               Expressions},
  booktitle = {{ISMIR} 2008, 9th International Conference on Music Information Retrieval,
               Drexel University, Philadelphia, PA, USA, September 14-18, 2008},
  pages     = {489--494},
  year      = {2008},
  crossref  = {DBLP:conf/ismir/2008},
  url       = {http://ismir2008.ismir.net/papers/ISMIR2008_173.pdf},
  timestamp = {Mon, 28 Dec 2009 12:12:05 +0100},
  biburl    = {https://dblp.org/rec/bib/conf/ismir/HashidaMK08},
  bibsource = {dblp computer science bibliography, https://dblp.org}
}
@inproceedings{DBLP:conf/ismir/SillaKK08,
  author    = {Carlos Nascimento Silla Jr. and
               Alessandro L. Koerich and
               Celso A. A. Kaestner},
  title     = {The Latin Music Database},
  booktitle = {{ISMIR} 2008, 9th International Conference on Music Information Retrieval,
               Drexel University, Philadelphia, PA, USA, September 14-18, 2008},
  pages     = {451--456},
  year      = {2008},
  crossref  = {DBLP:conf/ismir/2008},
  url       = {http://ismir2008.ismir.net/papers/ISMIR2008_106.pdf},
  timestamp = {Mon, 28 Dec 2009 12:12:06 +0100},
  biburl    = {https://dblp.org/rec/bib/conf/ismir/SillaKK08},
  bibsource = {dblp computer science bibliography, https://dblp.org}
}
@inproceedings{DBLP:conf/ismir/MaxwellE08,
  author    = {James B. Maxwell and
               Arne Eigenfeldt},
  title     = {A Music Database and Query System for Recombinant Composition},
  booktitle = {{ISMIR} 2008, 9th International Conference on Music Information Retrieval,
               Drexel University, Philadelphia, PA, USA, September 14-18, 2008},
  pages     = {75--80},
  year      = {2008},
  crossref  = {DBLP:conf/ismir/2008},
  url       = {http://ismir2008.ismir.net/papers/ISMIR2008_158.pdf},
  timestamp = {Thu, 05 Dec 2013 19:01:41 +0100},
  biburl    = {https://dblp.org/rec/bib/conf/ismir/MaxwellE08},
  bibsource = {dblp computer science bibliography, https://dblp.org}
}
@proceedings{DBLP:conf/ismir/2008,
  editor    = {Juan Pablo Bello and
               Elaine Chew and
               Douglas Turnbull},
  title     = {{ISMIR} 2008, 9th International Conference on Music Information Retrieval,
               Drexel University, Philadelphia, PA, USA, September 14-18, 2008},
  year      = {2008},
  isbn      = {978-0-615-24849-3},
  timestamp = {Mon, 28 Dec 2009 12:07:46 +0100},
  biburl    = {https://dblp.org/rec/bib/conf/ismir/2008},
  bibsource = {dblp computer science bibliography, https://dblp.org}
}
@inproceedings{DBLP:conf/ismir/YehBR07,
  author    = {Chunghsin Yeh and
               Niels Bogaards and
               Axel R{\"{o}}bel},
  title     = {Synthesized Polyphonic Music Database with Verifiable Ground Truth
               for Multiple {F0} Estimation},
  booktitle = {Proceedings of the 8th International Conference on Music Information
               Retrieval, {ISMIR} 2007, Vienna, Austria, September 23-27, 2007},
  pages     = {393--398},
  year      = {2007},
  crossref  = {DBLP:conf/ismir/2007},
  url       = {http://ismir2007.ismir.net/proceedings/ISMIR2007_p393_yeh.pdf},
  timestamp = {Sun, 03 Dec 2017 00:17:33 +0100},
  biburl    = {https://dblp.org/rec/bib/conf/ismir/YehBR07},
  bibsource = {dblp computer science bibliography, https://dblp.org}
}
@proceedings{DBLP:conf/ismir/2007,
  editor    = {Simon Dixon and
               David Bainbridge and
               Rainer Typke},
  title     = {Proceedings of the 8th International Conference on Music Information
               Retrieval, {ISMIR} 2007, Vienna, Austria, September 23-27, 2007},
  publisher = {Austrian Computer Society},
  year      = {2007},
  isbn      = {978-3-85403-218-2},
  timestamp = {Sun, 03 Dec 2017 00:17:33 +0100},
  biburl    = {https://dblp.org/rec/bib/conf/ismir/2007},
  bibsource = {dblp computer science bibliography, https://dblp.org}
}

@inproceedings{DBLP:conf/ismir/CaseyS06,
  author    = {Michael A. Casey and
               Malcolm Slaney},
  title     = {Song Intersection by Approximate Nearest Neighbor Search},
  booktitle = {{ISMIR} 2006, 7th International Conference on Music Information Retrieval,
               Victoria, Canada, 8-12 October 2006, Proceedings},
  pages     = {144--149},
  year      = {2006},
  crossref  = {DBLP:conf/ismir/2006},
  timestamp = {Fri, 05 Jan 2007 14:46:13 +0100},
  biburl    = {https://dblp.org/rec/bib/conf/ismir/CaseyS06},
  bibsource = {dblp computer science bibliography, https://dblp.org}
}
@inproceedings{DBLP:conf/ismir/HomburgMMMW05,
  author    = {Helge Homburg and
               Ingo Mierswa and
               B{\"{u}}lent M{\"{o}}ller and
               Katharina Morik and
               Michael Wurst},
  title     = {A Benchmark Dataset for Audio Classification and Clustering},
  booktitle = {{ISMIR} 2005, 6th International Conference on Music Information Retrieval,
               London, UK, 11-15 September 2005, Proceedings},
  pages     = {528--531},
  year      = {2005},
  crossref  = {DBLP:conf/ismir/2005},
  url       = {http://ismir2005.ismir.net/proceedings/2117.pdf},
  timestamp = {Mon, 23 Oct 2006 12:35:18 +0200},
  biburl    = {https://dblp.org/rec/bib/conf/ismir/HomburgMMMW05},
  bibsource = {dblp computer science bibliography, https://dblp.org}
}
@proceedings{DBLP:conf/ismir/2005,
  title     = {{ISMIR} 2005, 6th International Conference on Music Information Retrieval,
               London, UK, 11-15 September 2005, Proceedings},
  year      = {2005},
  timestamp = {Wed, 01 Mar 2006 15:23:32 +0100},
  biburl    = {https://dblp.org/rec/bib/conf/ismir/2005},
  bibsource = {dblp computer science bibliography, https://dblp.org}
}

@inproceedings{DBLP:conf/ismir/WustC04,
  author    = {Otto W{\"{u}}st and
               {\`{O}}scar Celma},
  title     = {An {MPEG-7} Database System and Application for Content-Based Management
               and Retrieval of Music},
  booktitle = {{ISMIR} 2004, 5th International Conference on Music Information Retrieval,
               Barcelona, Spain, October 10-14, 2004, Proceedings},
  year      = {2004},
  crossref  = {DBLP:conf/ismir/2004},
  url       = {http://ismir2004.ismir.net/proceedings/p010-page-48-paper227.pdf},
  timestamp = {Wed, 02 Jul 2008 09:26:09 +0200},
  biburl    = {https://dblp.org/rec/bib/conf/ismir/WustC04},
  bibsource = {dblp computer science bibliography, https://dblp.org}
}
@proceedings{DBLP:conf/ismir/2004,
  title     = {{ISMIR} 2004, 5th International Conference on Music Information Retrieval,
               Barcelona, Spain, October 10-14, 2004, Proceedings},
  year      = {2004},
  timestamp = {Wed, 01 Mar 2006 15:23:28 +0100},
  biburl    = {https://dblp.org/rec/bib/conf/ismir/2004},
  bibsource = {dblp computer science bibliography, https://dblp.org}
}
@inproceedings{DBLP:conf/ismir/GotoHNO03,
  author    = {Masataka Goto and
               Hiroki Hashiguchi and
               Takuichi Nishimura and
               Ryuichi Oka},
  title     = {{RWC} Music Database: Music genre database and musical instrument
               sound database},
  booktitle = {{ISMIR} 2003, 4th International Conference on Music Information Retrieval,
               Baltimore, Maryland, USA, October 27-30, 2003, Proceedings},
  year      = {2003},
  crossref  = {DBLP:conf/ismir/2003},
  url       = {http://ismir2003.ismir.net/papers/Goto1.PDF},
  timestamp = {Thu, 02 Mar 2006 10:24:15 +0100},
  biburl    = {https://dblp.org/rec/bib/conf/ismir/GotoHNO03},
  bibsource = {dblp computer science bibliography, https://dblp.org}
}
@proceedings{DBLP:conf/ismir/2003,
  title     = {{ISMIR} 2003, 4th International Conference on Music Information Retrieval,
               Baltimore, Maryland, USA, October 27-30, 2003, Proceedings},
  year      = {2003},
  timestamp = {Wed, 01 Mar 2006 15:23:26 +0100},
  biburl    = {https://dblp.org/rec/bib/conf/ismir/2003},
  bibsource = {dblp computer science bibliography, https://dblp.org}
}
@inproceedings{DBLP:conf/ismir/VinetHP02,
  author    = {Hugues Vinet and
               Perfecto Herrera and
               Fran{\c{c}}ois Pachet},
  title     = {The {CUIDADO} Project},
  booktitle = {{ISMIR} 2002, 3rd International Conference on Music Information Retrieval,
               Paris, France, October 13-17, 2002, Proceedings},
  year      = {2002},
  crossref  = {DBLP:conf/ismir/2002},
  url       = {http://ismir2002.ismir.net/proceedings/02-FP06-3.pdf},
  timestamp = {Thu, 23 Jun 2016 15:53:28 +0200},
  biburl    = {https://dblp.org/rec/bib/conf/ismir/VinetHP02},
  bibsource = {dblp computer science bibliography, https://dblp.org}
}
@inproceedings{DBLP:conf/ismir/GotoHNO02,
  author    = {Masataka Goto and
               Hiroki Hashiguchi and
               Takuichi Nishimura and
               Ryuichi Oka},
  title     = {{RWC} Music Database: Popular, Classical and Jazz Music Databases},
  booktitle = {{ISMIR} 2002, 3rd International Conference on Music Information Retrieval,
               Paris, France, October 13-17, 2002, Proceedings},
  year      = {2002},
  crossref  = {DBLP:conf/ismir/2002},
  url       = {http://ismir2002.ismir.net/proceedings/03-SP04-1.pdf},
  timestamp = {Thu, 23 Jun 2016 15:53:28 +0200},
  biburl    = {https://dblp.org/rec/bib/conf/ismir/GotoHNO02},
  bibsource = {dblp computer science bibliography, https://dblp.org}
}
@proceedings{DBLP:conf/ismir/2002,
  title     = {{ISMIR} 2002, 3rd International Conference on Music Information Retrieval,
               Paris, France, October 13-17, 2002, Proceedings},
  year      = {2002},
  timestamp = {Thu, 23 Jun 2016 15:53:28 +0200},
  biburl    = {https://dblp.org/rec/bib/conf/ismir/2002},
  bibsource = {dblp computer science bibliography, https://dblp.org}
}
@inproceedings{DBLP:conf/ismir/Dunn00,
  author    = {Jon W. Dunn},
  title     = {Beyond {VARIATIONS:} Creating a Digital Music Library},
  booktitle = {{ISMIR} 2000, 1st International Symposium on Music Information Retrieval,
               Plymouth, Massachusetts, USA, October 23-25, 2000, Proceedings},
  year      = {2000},
  crossref  = {DBLP:conf/ismir/2000},
  url       = {http://ismir2000.ismir.net/papers/invites/dunn_invite.pdf},
  timestamp = {Wed, 01 Mar 2006 15:23:17 +0100},
  biburl    = {https://dblp.org/rec/bib/conf/ismir/Dunn00},
  bibsource = {dblp computer science bibliography, https://dblp.org}
}
@inproceedings{DBLP:conf/ismir/Good00,
  author    = {Michael Good},
  title     = {Representing Music Using {XML}},
  booktitle = {{ISMIR} 2000, 1st International Symposium on Music Information Retrieval,
               Plymouth, Massachusetts, USA, October 23-25, 2000, Proceedings},
  year      = {2000},
  crossref  = {DBLP:conf/ismir/2000},
  url       = {http://ismir2000.ismir.net/posters/good.pdf},
  timestamp = {Wed, 01 Mar 2006 15:23:17 +0100},
  biburl    = {https://dblp.org/rec/bib/conf/ismir/Good00},
  bibsource = {dblp computer science bibliography, https://dblp.org}
}
@proceedings{DBLP:conf/ismir/2000,
  title     = {{ISMIR} 2000, 1st International Symposium on Music Information Retrieval,
               Plymouth, Massachusetts, USA, October 23-25, 2000, Proceedings},
  year      = {2000},
  timestamp = {Wed, 01 Mar 2006 15:23:17 +0100},
  biburl    = {https://dblp.org/rec/bib/conf/ismir/2000},
  bibsource = {dblp computer science bibliography, https://dblp.org}
}
@proceedings{DBLP:conf/ismir/2006,
  title     = {{ISMIR} 2006, 7th International Conference on Music Information Retrieval,
               Victoria, Canada, 8-12 October 2006, Proceedings},
  year      = {2006},
  timestamp = {Fri, 05 Jan 2007 14:46:13 +0100},
  biburl    = {https://dblp.org/rec/bib/conf/ismir/2006},
  bibsource = {dblp computer science bibliography, https://dblp.org}
}
