
@proceedings{ioannis_karydis_2007_849469,
  title        = {{Horizontal and Vertical Integration/Segregation in 
                   Auditory Streaming: A Voice Separation Algorithm
                   for Symbolic Musical Data}},
  year         = 2007,
  publisher    = {Zenodo},
  month        = jul,
  doi          = {10.5281/zenodo.849469},
  url          = {https://doi.org/10.5281/zenodo.849469},
  author       	= {Ioannis Karydis and Alexandros Nanopoulos and Apostolos Papadopoulos and Emilios Cambouropoulos and Yannis Manolopoulos}

}
@proceedings{remigio_coco_2006_849349,
  title        = {{Minimalism and Process Music: A PureData 
                   Realization of Pendulum Music}},
  year         = 2006,
  publisher    = {Zenodo},
  month        = may,
  doi          = {10.5281/zenodo.849349},
  url          = {https://doi.org/10.5281/zenodo.849349},
  author       	= {Remigio Coco}

}
@proceedings{kevin_schlei_2014_850679,
  title        = {{TC-Data: Extending Multi-touch Interfaces for 
                   Generalized Relational Control}},
  year         = 2014,
  publisher    = {Zenodo},
  month        = sep,
  doi          = {10.5281/zenodo.850679},
  url          = {https://doi.org/10.5281/zenodo.850679},
  author       	= {Kevin Schlei}

}
@proceedings{luiz_naveda_2014_850585,
  title        = {{&#34;Topos&#34; Toolkit for Pure Data: Exploring the 
                   Spatial Features of Dance Gestures for Interactive
                   Musical Applications}},
  year         = 2014,
  publisher    = {Zenodo},
  month        = sep,
  doi          = {10.5281/zenodo.850585},
  url          = {https://doi.org/10.5281/zenodo.850585},
  author       	= {Luiz Naveda and Ivani Santana}

}
@proceedings{gerard_roma_2012_850102,
  title        = {{Factors in Human Recognition of Timbre Lexicons 
                   Generated by Data Clustering}},
  year         = 2012,
  publisher    = {Zenodo},
  month        = jul,
  doi          = {10.5281/zenodo.850102},
  url          = {https://doi.org/10.5281/zenodo.850102},
  author      	= {Anna Xambo and Gerard Roma and Perfecto Herrera and Robin Laney}

}
@proceedings{mitsuyo_hashida_2018_1422503,
  title        = {{CrestMusePEDB 2nd EDITION: MUSIC PERFORMANCE 
                   DATABASE WITH PHRASE INFORMATION}},
  year         = 2018,
  publisher    = {Zenodo},
  month        = jul,
  doi          = {10.5281/zenodo.1422503},
  url          = {https://doi.org/10.5281/zenodo.1422503},
  author      	= {Mitsuyo Hashida and Eita Nakamura and Haruhiro Katayose}

}
@proceedings{charles_nichols_2014_850569,
  title        = {{Sound of Rivers: Stone Drum: A Multimedia 
                   Collaboration, with Sonified Data, Computer-
                   processed Narration, and Electric Violin}},
  year         = 2014,
  publisher    = {Zenodo},
  month        = sep,
  doi          = {10.5281/zenodo.850569},
  url          = {https://doi.org/10.5281/zenodo.850569},
  author      	= {Charles Nichols and Mark Lorang and Mark Gibbons and Nicole Bradley Browning and Amber Bushnell}
}
@proceedings{jamie_gabriel_2013_850301,
  title        = {{Large Data Sets \&amp; Recommender Systems: A Feasible 
                   Approach to Learning Music?}},
  year         = 2013,
  publisher    = {Zenodo},
  month        = jul,
  doi          = {10.5281/zenodo.850301},
  url          = {https://doi.org/10.5281/zenodo.850301},
  author      	= {Jamie Gabriel}
}
@proceedings{josh_mycroft_2016_851273,
  title        = {{Visually Representing and Interpreting 
                   Multivariate Data for Audio Mixing}},
  year         = 2016,
  publisher    = {Zenodo},
  month        = aug,
  doi          = {10.5281/zenodo.851273},
  url          = {https://doi.org/10.5281/zenodo.851273},
  author      	= {Josh Mycroft and Joshua D. Reiss and Tony Stockman}
}
@proceedings{nuno_n_correia_2010_849729,
  title        = {{AV Clash - Online Tool for Mixing and Visualizing 
                   Audio Retrieved From freesound.org Database}},
  year         = 2010,
  publisher    = {Zenodo},
  month        = jul,
  doi          = {10.5281/zenodo.849729},
  url          = {https://doi.org/10.5281/zenodo.849729},
  author      	= {Nuno N. Correia}
}
@proceedings{kristian_nymoen_2011_849865,
  title        = {{A Toolbox for Storing and Streaming Music-related 
                   Data}},
  year         = 2011,
  publisher    = {Zenodo},
  month        = jul,
  doi          = {10.5281/zenodo.849865},
  url          = {https://doi.org/10.5281/zenodo.849865},
  author      	= {Kristian Nymoen and Alexander Refsum Jensenius}
}
@proceedings{frederic_bettens_2009_849667,
  title        = {{Real-time DTW-based Gesture Recognition External 
                   Object for Max/MSP and Puredata}},
  year         = 2009,
  publisher    = {Zenodo},
  month        = jul,
  doi          = {10.5281/zenodo.849667},
  url          = {https://doi.org/10.5281/zenodo.849667},
  author      	= {Frederic Bettens and Todor Todoroff}
}
@proceedings{goffredo_haus_2005_849297,
  title        = {MX Structural Metadata as MIR Tools},
  year         = 2005,
  publisher    = {Zenodo},
  month        = nov,
  doi          = {10.5281/zenodo.849297},
  url          = {https://doi.org/10.5281/zenodo.849297},
  author      	= {Goffredo Haus and Alberto Pinto}
}
@proceedings{li_su_2014_850739,
  title        = {{Resolving Octave Ambiguities: A Cross-dataset 
                   Investigation}},
  year         = 2014,
  publisher    = {Zenodo},
  month        = sep,
  doi          = {10.5281/zenodo.850739},
  url          = {https://doi.org/10.5281/zenodo.850739},
  author      	= {Li Su and Hsin-Yu Lai and Li-Fan Yu and Yi-Hsuan Yang}
}
@proceedings{jean_bresson_2007_849423,
  title        = {{Generation and Representation of Data and Events 
                   for the Control of Sound Synthesis}},
  year         = 2007,
  publisher    = {Zenodo},
  month        = jul,
  doi          = {10.5281/zenodo.849423},
  url          = {https://doi.org/10.5281/zenodo.849423},
  author      	= {Jean Bresson and Marco Stroppa and Carlos Agon}
}
@proceedings{alain_bonardi_2004_849197,
  title        = {{New Approaches of Theatre and Opera Directly 
                   Inspired by Interactive Data-mining}},
  year         = 2004,
  publisher    = {Zenodo},
  month        = oct,
  doi          = {10.5281/zenodo.849197},
  url          = {https://doi.org/10.5281/zenodo.849197},
  author      	= {Alain Bonardi and Francis Rousseaux}
}
@proceedings{asmita_poddar_2018_1422565,
  title        = {{#nowplaying-RS: A New Benchmark Dataset for 
                   Building Context-Aware Music Recommender Systems}},
  year         = 2018,
  publisher    = {Zenodo},
  month        = jul,
  doi          = {10.5281/zenodo.1422565},
  url          = {https://doi.org/10.5281/zenodo.1422565},
  author      	= {Asmita Poddar and Eva Zangerle and Yi-Hsuan Yang}
}
@proceedings{daichi_misawa_2014_850957,
  title        = {{Data Auditorio: Towards Intense Interaction, an 
                   Interactive Hyper-Directional Sound for Play and
                   Ubiquity}},
  year         = 2014,
  publisher    = {Zenodo},
  month        = sep,
  doi          = {10.5281/zenodo.850957},
  url          = {https://doi.org/10.5281/zenodo.850957},
  author      	= {Daichi Misawa and Kiyomitsu Odai}
}
@proceedings{birgitta_burger_2013_850313,
  title        = {{Mocap Toolbox - a Matlab Toolbox for Computational 
                   Analysis of Movement Data}},
  year         = 2013,
  publisher    = {Zenodo},
  month        = jul,
  doi          = {10.5281/zenodo.850313},
  url          = {https://doi.org/10.5281/zenodo.850313},
  author      	= {Birgitta Burger and Petri Toiviainen}
}
@proceedings{christos_garoufis_2018_1422627,
  title        = {{A Collaborative System for Composing Music via 
                   Motion Using a Kinect Sensor and Skeletal Data}},
  year         = 2018,
  publisher    = {Zenodo},
  month        = jul,
  doi          = {10.5281/zenodo.1422627},
  url          = {https://doi.org/10.5281/zenodo.1422627},
  author      	= {Christos Garoufis and Athanasia Zlatintsi and Petros Maragos}
}
@proceedings{carlos_guedes_2018_1422615,
  title        = {{Modeling Carnatic Rhythm Generation: a Data Driven 
                   Approach Based on Rhythmic Analysis}},
  year         = 2018,
  publisher    = {Zenodo},
  month        = jul,
  doi          = {10.5281/zenodo.1422615},
  url          = {https://doi.org/10.5281/zenodo.1422615},
  author      	= {Carlos Guedes and Konstantinos Trochidis and Akshay Anantapadmanabhan}
}
@proceedings{abdullah_onur_demir_2015_851147,
  title        = {{MEPHISTO: A Source to Source Transpiler From Pure 
                   Data to Faust}},
  year         = 2015,
  publisher    = {Zenodo},
  month        = jul,
  doi          = {10.5281/zenodo.851147},
  url          = {https://doi.org/10.5281/zenodo.851147},
  author      	= {Abdullah Onur Demir}
}
@proceedings{simon_blackmore_2018_1422647,
  title        = {Data Transmission as Musical Performance},
  year         = 2018,
  publisher    = {Zenodo},
  month        = jul,
  doi          = {10.5281/zenodo.1422647},
  url          = {https://doi.org/10.5281/zenodo.1422647},
  author      	= {Simon Blackmore}
}
@proceedings{marius_miron_2017_1401923,
  title        = {{Generating Data to Train Convolutional Neural 
                   Networks for Classical Music Source Separation}},
  year         = 2017,
  publisher    = {Zenodo},
  month        = jul,
  doi          = {10.5281/zenodo.1401923},
  url          = {https://doi.org/10.5281/zenodo.1401923},
  author      	= {Marius Miron and Jordi Janer}
}
@proceedings{mitsuyo_hashida_2017_1401963,
  title        = {{Constructing PEDB 2nd Edition: A Music Performance 
                   Database with Phrase Information}},
  year         = 2017,
  publisher    = {Zenodo},
  month        = jul,
  doi          = {10.5281/zenodo.1401963},
  url          = {https://doi.org/10.5281/zenodo.1401963},
  author      	= {Mitsuyo Hashida and Eita Nakamura and Haruhiro Katayose}
}
@proceedings{diemo_schwarz_2009_849679,
  title        = {{Sound Search by Content-based Navigation in Large 
                   Databases}},
  year         = 2009,
  publisher    = {Zenodo},
  month        = jul,
  doi          = {10.5281/zenodo.849679},
  url          = {https://doi.org/10.5281/zenodo.849679},
  author      	= {Diemo Schwarz and Norbert Schnell}
}
@proceedings{gregoire_carpentier_2006_849343,
  title        = {{Imitative and Generative Orchestrations Using Pre- 
                   analysed Sounds Databases}},
  year         = 2006,
  publisher    = {Zenodo},
  month        = may,
  doi          = {10.5281/zenodo.849343},
  url          = {https://doi.org/10.5281/zenodo.849343},
  author      	= {Gregoire Carpentier and Damien Tardieu and Xavier Rodet and Emmanuel Saint-James}
}
@proceedings{xiao_hu_2014_850795,
  title        = {{A Study on Cross-cultural and Cross-dataset 
                   Generalizability of Music Mood Regression Models}},
  year         = 2014,
  publisher    = {Zenodo},
  month        = sep,
  doi          = {10.5281/zenodo.850795},
  url          = {https://doi.org/10.5281/zenodo.850795},
  author      	= {Xiao Hu and Yi-Hsuan Yang}
}
@proceedings{nathan_bowen_2014_850601,
  title        = {{Mobile Phones as Ubiquitous Instruments: Towards 
                   Standardizing Performance Data on the Network}},
  year         = 2014,
  publisher    = {Zenodo},
  month        = sep,
  doi          = {10.5281/zenodo.850601},
  url          = {https://doi.org/10.5281/zenodo.850601},
  author      	= {Nathan Bowen and David Reeder}
}
@proceedings{hiroko_terasawa_2011_849897,
  title        = {{C. Elegans Meets Data Sonification: Can We Hear 
                   Its Elegant Movement?}},
  year         = 2011,
  publisher    = {Zenodo},
  month        = jul,
  doi          = {10.5281/zenodo.849897},
  url          = {https://doi.org/10.5281/zenodo.849897},
  author      	= {Hiroko Terasawa and Yuta Takahashi and Keiko Hirota and Takayuki Hamano and Takeshi Yamada and Akiyoshi Fukamizu and Shoji Makino}
}
@proceedings{humberto_corona_2015_851021,
  title        = {{An Exploration of Mood Classification in the 
                   Million Songs Dataset}},
  year         = 2015,
  publisher    = {Zenodo},
  month        = jul,
  doi          = {10.5281/zenodo.851021},
  url          = {https://doi.org/10.5281/zenodo.851021},
  author      	= {Humberto Corona and Michael P. O'Mahony}
}
@proceedings{domenico_vicinanza_2006_849321,
  title        = {{A Java Framework for Data Sonification and 3D 
                   Graphic Rendering}},
  year         = 2006,
  publisher    = {Zenodo},
  month        = may,
  doi          = {10.5281/zenodo.849321},
  url          = {https://doi.org/10.5281/zenodo.849321},
  author      	= {Domenico Vicinanza}
}
@proceedings{cyrille_henry_2004_849205,
  title        = {{Physical Modeling for Pure Data (pmpd) and Real 
                   Time Interaction With an Audio Synthesis}},
  year         = 2004,
  publisher    = {Zenodo},
  month        = oct,
  doi          = {10.5281/zenodo.849205},
  url          = {https://doi.org/10.5281/zenodo.849205},
  author      	= {Cyrille Henry}
}
@proceedings{ian_whalley_2014_850531,
  title        = {{Broadening Telematic Electroacoustic Music by 
                   Affective Rendering and Embodied Real-time Data
                   Sonification}},
  year         = 2014,
  publisher    = {Zenodo},
  month        = sep,
  doi          = {10.5281/zenodo.850531},
  url          = {https://doi.org/10.5281/zenodo.850531},
  author      	= {Ian Whalley}
}
@proceedings{marcelo_queiroz_2018_1422585,
  title        = {{Relative DTW Embedding for Binary Classification 
                   of Audio Data}},
  year         = 2018,
  publisher    = {Zenodo},
  month        = jul,
  doi          = {10.5281/zenodo.1422585},
  url          = {https://doi.org/10.5281/zenodo.1422585},
  author      	= {Marcelo Queiroz and Guilherme Jun Yoshimura}
}
@proceedings{antonio_deusany_de_carvalho_junior_2014_850673,
  title        = {{Sensors2PD: Mobile Sensors and WiFi Information as 
                   Input for Pure Data}},
  year         = 2014,
  publisher    = {Zenodo},
  month        = sep,
  doi          = {10.5281/zenodo.850673},
  url          = {https://doi.org/10.5281/zenodo.850673},
  author      	= {Antonio Deusany de Carvalho Junior}
}
@proceedings{stephan_schaub_2013_850311,
  title        = {{Mixing Symbolic and Audio Data in Computer 
                   Assisted Music Analysis: A Case Study From J.
                   Harvey&#39;s Speakings (2008) for Orchestra and Live
                   Electronics}},
  year         = 2013,
  publisher    = {Zenodo},
  month        = jul,
  doi          = {10.5281/zenodo.850311},
  url          = {https://doi.org/10.5281/zenodo.850311},
  author      	= {Ivan Simurra and Tiago Fernandes Tavares}
}
@proceedings{pedro_bruel_2014_850907,
  title        = {{A Protocol for Creating Multiagent Systems in 
                   Ensemble With Pure Data}},
  year         = 2014,
  publisher    = {Zenodo},
  month        = sep,
  doi          = {10.5281/zenodo.850907},
  url          = {https://doi.org/10.5281/zenodo.850907},
  author      	= {Pedro Bruel and Marcelo Queiroz}
}
@proceedings{masatoshi_hamanaka_2018_1422651,
  title        = {{GTTM Database and Manual Time-span Tree Generation 
                   Tool}},
  year         = 2018,
  publisher    = {Zenodo},
  month        = jul,
  doi          = {10.5281/zenodo.1422651},
  url          = {https://doi.org/10.5281/zenodo.1422651},
  author      	= {Masatoshi Hamanaka and Keiji Hirata and Satoshi Tojo}
}
@proceedings{mark_cartwright_2012_850060,
  title        = {{Building a Music Search Database Using Human 
                   Computation}},
  year         = 2012,
  publisher    = {Zenodo},
  month        = jul,
  doi          = {10.5281/zenodo.850060},
  url          = {https://doi.org/10.5281/zenodo.850060},
  author      	= {Mark Cartwright and Bryan Pardo}
}