%% BibTeX bibliography file for 
%% The Sonification Handbook
%% Edited by Thomas Hermann, Andy Huny, John G. Neuhoff
%% Logos Publishing House, Berlin, 2011
%%
%% Saved with string encoding Unicode (UTF-8) 

@book{HermannHuntNeuhoff2011-SHB,
	Abstract = {This book is a comprehensive introductory presentation of the key research areas in the interdisciplinary fields of sonification and auditory display. Chapters are written by leading experts, providing a wide-range coverage of the central issues, and can be read from start to finish, or dipped into as required (like a smorgasbord menu). Sonification conveys information by using non-speech sounds. 
To listen to data as sound and noise can be a surprising new experience with diverse applications ranging from novel interfaces for visually impaired people to data analysis problems in many scientific fields. 
This book gives a solid introduction to the field of auditory display, the techniques for sonification, suitable technologies for developing sonification algorithms, and the most promising application areas. The book is accompanied by the online repository of sound examples.},
	Address = {Berlin, Germany},
	Booktitle = {The Sonification Handbook},
	Editor = {Thomas Hermann and Andy Hunt and John G. Neuhoff},
	Isbn = {978-3-8325-2819-5},
	Keywords = {User Interfaces; Sound Computing; Human Computer Interaction; Auditory Display; Sonification},
	Pages = {1--586},
	Publisher = {Logos Publishing House},
	Title = {The Sonification Handbook},
	Url = {http://sonification.de/handbook},
	Year = {2011}}

@incollection{HermannHuntNeuhoff2011-I,
	Address = {Berlin, Germany},
	Author = {Thomas Hermann and Andy Hunt and John G. Neuhoff},
	Booktitle = {The Sonification Handbook},
	Chapter = {1},
	Editor = {Thomas Hermann and Andy Hunt and John G. Neuhoff},
	Isbn = {978-3-8325-2819-5},
	Keywords = {User Interfaces; Sound Computing; Human Computer Interaction; Auditory Display; Sonification},
	Pages = {1--6},
	Publisher = {Logos Publishing House},
	Title = {Introduction},
	Url = {http://sonification.de/handbook/chapters/chapter1/},
	Year = {2011}}

@incollection{WalkerNees2011-TOS,
	Address = {Berlin, Germany},
	Author = {Bruce N. Walker and Michael A. Nees},
	Booktitle = {The Sonification Handbook},
	Chapter = {2},
	Editor = {Thomas Hermann and Andy Hunt and John G. Neuhoff},
	Isbn = {978-3-8325-2819-5},
	Keywords = {User Interfaces; Sound Computing; Human Computer Interaction; Auditory Display; Sonification},
	Pages = {9--39},
	Publisher = {Logos Publishing House},
	Title = {Theory of Sonification},
	Url = {http://sonification.de/handbook/chapters/chapter2/},
	Year = {2011}}

@incollection{Carlile2011-P,
	Address = {Berlin, Germany},
	Author = {Simon Carlile},
	Booktitle = {The Sonification Handbook},
	Chapter = {3},
	Editor = {Thomas Hermann and Andy Hunt and John G. Neuhoff},
	Isbn = {978-3-8325-2819-5},
	Keywords = {User Interfaces; Sound Computing; Human Computer Interaction; Auditory Display; Sonification},
	Pages = {41--61},
	Publisher = {Logos Publishing House},
	Title = {Psychoacoustics},
	Url = {http://sonification.de/handbook/chapters/chapter3/},
	Year = {2011}}

@incollection{Neuhoff2011-PCA,
	Address = {Berlin, Germany},
	Author = {John G. Neuhoff},
	Booktitle = {The Sonification Handbook},
	Chapter = {4},
	Editor = {Thomas Hermann and Andy Hunt and John G. Neuhoff},
	Isbn = {978-3-8325-2819-5},
	Keywords = {User Interfaces; Sound Computing; Human Computer Interaction; Auditory Display; Sonification},
	Pages = {63--85},
	Publisher = {Logos Publishing House},
	Title = {Perception, Cognition and Action in Auditory Display},
	Url = {http://sonification.de/handbook/chapters/chapter4/},
	Year = {2011}}

@incollection{SerafinFraninovicHermannLemaitreRinottRocchesso2011-SID,
	Address = {Berlin, Germany},
	Author = {Stefania Serafin and Karmen Franinovi\'c and Thomas Hermann and Guillaume Lemaitre and Michal Rinott and Davide Rocchesso},
	Booktitle = {The Sonification Handbook},
	Chapter = {5},
	Editor = {Thomas Hermann and Andy Hunt and John G. Neuhoff},
	Isbn = {978-3-8325-2819-5},
	Keywords = {User Interfaces; Sound Computing; Human Computer Interaction; Auditory Display; Sonification},
	Pages = {87--110},
	Publisher = {Logos Publishing House},
	Title = {Sonic Interaction Design},
	Url = {http://sonification.de/handbook/chapters/chapter5/},
	Year = {2011}}

@incollection{BonebrightFlowers2011-EOA,
	Address = {Berlin, Germany},
	Author = {Terri L. Bonebright and John H. Flowers},
	Booktitle = {The Sonification Handbook},
	Chapter = {6},
	Editor = {Thomas Hermann and Andy Hunt and John G. Neuhoff},
	Isbn = {978-3-8325-2819-5},
	Keywords = {User Interfaces; Sound Computing; Human Computer Interaction; Auditory Display; Sonification},
	Pages = {111--144},
	Publisher = {Logos Publishing House},
	Title = {Evaluation of Auditory Display},
	Url = {http://sonification.de/handbook/chapters/chapter6/},
	Year = {2011}}

@incollection{BarrassVickers2011-SDA,
	Address = {Berlin, Germany},
	Author = {Stephen Barrass and Paul Vickers},
	Booktitle = {The Sonification Handbook},
	Chapter = {7},
	Editor = {Thomas Hermann and Andy Hunt and John G. Neuhoff},
	Isbn = {978-3-8325-2819-5},
	Keywords = {User Interfaces; Sound Computing; Human Computer Interaction; Auditory Display; Sonification},
	Pages = {145--171},
	Publisher = {Logos Publishing House},
	Title = {Sonification Design and Aesthetics},
	Url = {http://sonification.de/handbook/chapters/chapter7/},
	Year = {2011}}

@incollection{FergusonMartensCabrera2011-SSF,
	Address = {Berlin, Germany},
	Author = {Sam Ferguson and William L. Martens and Densil Cabrera},
	Booktitle = {The Sonification Handbook},
	Chapter = {8},
	Editor = {Thomas Hermann and Andy Hunt and John G. Neuhoff},
	Isbn = {978-3-8325-2819-5},
	Keywords = {User Interfaces; Sound Computing; Human Computer Interaction; Auditory Display; Sonification},
	Pages = {175--196},
	Publisher = {Logos Publishing House},
	Title = {Statistical Sonification for Exploratory Data Analysis},
	Url = {http://sonification.de/handbook/chapters/chapter8/},
	Year = {2011}}

@incollection{Cook2011-SSF,
	Address = {Berlin, Germany},
	Author = {Perry R. Cook},
	Booktitle = {The Sonification Handbook},
	Chapter = {9},
	Editor = {Thomas Hermann and Andy Hunt and John G. Neuhoff},
	Isbn = {978-3-8325-2819-5},
	Keywords = {User Interfaces; Sound Computing; Human Computer Interaction; Auditory Display; Sonification},
	Pages = {197--235},
	Publisher = {Logos Publishing House},
	Title = {Sound Synthesis for Auditory Display},
	Url = {http://sonification.de/handbook/chapters/chapter9/},
	Year = {2011}}

@incollection{BovermannRohrhuberDeCampo2011-LMF,
	Address = {Berlin, Germany},
	Author = {Till Bovermann and Julian Rohrhuber and Alberto de Campo},
	Booktitle = {The Sonification Handbook},
	Chapter = {10},
	Editor = {Thomas Hermann and Andy Hunt and John G. Neuhoff},
	Isbn = {978-3-8325-2819-5},
	Keywords = {User Interfaces; Sound Computing; Human Computer Interaction; Auditory Display; Sonification},
	Pages = {237--272},
	Publisher = {Logos Publishing House},
	Title = {Laboratory Methods for Experimental Sonification},
	Url = {http://sonification.de/handbook/chapters/chapter10/},
	Year = {2011}}

@incollection{HuntHermann2011-IS,
	Address = {Berlin, Germany},
	Author = {Andy Hunt and Thomas Hermann},
	Booktitle = {The Sonification Handbook},
	Chapter = {11},
	Editor = {Thomas Hermann and Andy Hunt and John G. Neuhoff},
	Isbn = {978-3-8325-2819-5},
	Keywords = {User Interfaces; Sound Computing; Human Computer Interaction; Auditory Display; Sonification},
	Pages = {273--298},
	Publisher = {Logos Publishing House},
	Title = {Interactive Sonification},
	Url = {http://sonification.de/handbook/chapters/chapter11/},
	Year = {2011}}

@incollection{DomboisEckel2011-A,
	Address = {Berlin, Germany},
	Author = {Florian Dombois and Gerhard Eckel},
	Booktitle = {The Sonification Handbook},
	Chapter = {12},
	Editor = {Thomas Hermann and Andy Hunt and John G. Neuhoff},
	Isbn = {978-3-8325-2819-5},
	Keywords = {User Interfaces; Sound Computing; Human Computer Interaction; Auditory Display; Sonification},
	Pages = {301--324},
	Publisher = {Logos Publishing House},
	Title = {Audification},
	Url = {http://sonification.de/handbook/chapters/chapter12/},
	Year = {2011}}

@incollection{BrazilFernstrom2011-AI,
	Address = {Berlin, Germany},
	Author = {Eoin Brazil and Mikael Fernstr{\"o}m},
	Booktitle = {The Sonification Handbook},
	Chapter = {13},
	Editor = {Thomas Hermann and Andy Hunt and John G. Neuhoff},
	Isbn = {978-3-8325-2819-5},
	Keywords = {User Interfaces; Sound Computing; Human Computer Interaction; Auditory Display; Sonification},
	Pages = {325--338},
	Publisher = {Logos Publishing House},
	Title = {Auditory Icons},
	Url = {http://sonification.de/handbook/chapters/chapter13/},
	Year = {2011}}

@incollection{McGookinBrewster2011-E,
	Address = {Berlin, Germany},
	Author = {David McGookin and Stephen Brewster},
	Booktitle = {The Sonification Handbook},
	Chapter = {14},
	Editor = {Thomas Hermann and Andy Hunt and John G. Neuhoff},
	Isbn = {978-3-8325-2819-5},
	Keywords = {User Interfaces; Sound Computing; Human Computer Interaction; Auditory Display; Sonification},
	Pages = {339--361},
	Publisher = {Logos Publishing House},
	Title = {Earcons},
	Url = {http://sonification.de/handbook/chapters/chapter14/},
	Year = {2011}}

@incollection{GrondBerger2011-PMS,
	Address = {Berlin, Germany},
	Author = {Florian Grond and Jonathan Berger},
	Booktitle = {The Sonification Handbook},
	Chapter = {15},
	Editor = {Thomas Hermann and Andy Hunt and John G. Neuhoff},
	Isbn = {978-3-8325-2819-5},
	Keywords = {User Interfaces; Sound Computing; Human Computer Interaction; Auditory Display; Sonification},
	Pages = {363--397},
	Publisher = {Logos Publishing House},
	Title = {Parameter Mapping Sonification},
	Url = {http://sonification.de/handbook/chapters/chapter15/},
	Year = {2011}}

@incollection{Hermann2011-MBS,
	Address = {Berlin, Germany},
	Author = {Thomas Hermann},
	Booktitle = {The Sonification Handbook},
	Chapter = {16},
	Editor = {Thomas Hermann and Andy Hunt and John G. Neuhoff},
	Isbn = {978-3-8325-2819-5},
	Keywords = {User Interfaces; Sound Computing; Human Computer Interaction; Auditory Display; Sonification},
	Pages = {399--427},
	Publisher = {Logos Publishing House},
	Title = {Model-Based Sonification},
	Url = {http://sonification.de/handbook/chapters/chapter16/},
	Year = {2011}}

@incollection{Edwards2011-ADI,
	Address = {Berlin, Germany},
	Author = {Alistair D. N. Edwards},
	Booktitle = {The Sonification Handbook},
	Chapter = {17},
	Editor = {Thomas Hermann and Andy Hunt and John G. Neuhoff},
	Isbn = {978-3-8325-2819-5},
	Keywords = {User Interfaces; Sound Computing; Human Computer Interaction; Auditory Display; Sonification},
	Pages = {431--453},
	Publisher = {Logos Publishing House},
	Title = {Auditory Display in Assistive Technology},
	Url = {http://sonification.de/handbook/chapters/chapter17/},
	Year = {2011}}

@incollection{Vickers2011-SFP,
	Address = {Berlin, Germany},
	Author = {Paul Vickers},
	Booktitle = {The Sonification Handbook},
	Chapter = {18},
	Editor = {Thomas Hermann and Andy Hunt and John G. Neuhoff},
	Isbn = {978-3-8325-2819-5},
	Keywords = {User Interfaces; Sound Computing; Human Computer Interaction; Auditory Display; Sonification},
	Pages = {455--491},
	Publisher = {Logos Publishing House},
	Title = {Sonification for Process Monitoring},
	Url = {http://sonification.de/handbook/chapters/chapter18/},
	Year = {2011}}

@incollection{Guillaume2011-IAA,
	Address = {Berlin, Germany},
	Author = {Anne Guillaume},
	Booktitle = {The Sonification Handbook},
	Chapter = {19},
	Editor = {Thomas Hermann and Andy Hunt and John G. Neuhoff},
	Isbn = {978-3-8325-2819-5},
	Keywords = {User Interfaces; Sound Computing; Human Computer Interaction; Auditory Display; Sonification},
	Pages = {493--508},
	Publisher = {Logos Publishing House},
	Title = {Intelligent auditory alarms},
	Url = {http://sonification.de/handbook/chapters/chapter19/},
	Year = {2011}}

@incollection{BrazilFernstrom2011-NOD,
	Address = {Berlin, Germany},
	Author = {Eoin Brazil and Mikael Fernstr{\"o}m},
	Booktitle = {The Sonification Handbook},
	Chapter = {20},
	Editor = {Thomas Hermann and Andy Hunt and John G. Neuhoff},
	Isbn = {978-3-8325-2819-5},
	Keywords = {User Interfaces; Sound Computing; Human Computer Interaction; Auditory Display; Sonification},
	Pages = {509--523},
	Publisher = {Logos Publishing House},
	Title = {Navigation of Data},
	Url = {http://sonification.de/handbook/chapters/chapter20/},
	Year = {2011}}

@incollection{HoenerHPRHE2011-AMW,
	Address = {Berlin, Germany},
	Author = {Oliver H{\"o}ner and Andy Hunt and Sandra Pauletto and Niklas R{\"o}ber and Thomas Hermann and Alfred O. Effenberg},
	Booktitle = {The Sonification Handbook},
	Chapter = {21},
	Editor = {Thomas Hermann and Andy Hunt and John G. Neuhoff},
	Isbn = {978-3-8325-2819-5},
	Keywords = {User Interfaces; Sound Computing; Human Computer Interaction; Auditory Display; Sonification},
	Note = {H{\"o}ner, O. (chapter ed.)},
	Pages = {525--553},
	Publisher = {Logos Publishing House},
	Title = {Aiding Movement with Sonification in ``Exercise, Play and Sport''},
	Url = {http://sonification.de/handbook/chapters/chapter21/},
	Year = {2011}}

@incollection{Hoener2011-MAO,
	Address = {Berlin, Germany},
	Author = {Oliver H{\"o}ner},
	Booktitle = {The Sonification Handbook},
	Chapter = {21.1},
	Editor = {Thomas Hermann and Andy Hunt and John G. Neuhoff},
	Isbn = {978-3-8325-2819-5},
	Keywords = {User Interfaces; Sound Computing; Human Computer Interaction; Auditory Display; Sonification},
	Note = {H{\"o}ner, O. (chapter ed.), references on pp 551-553},
	Pages = {525--527},
	Publisher = {Logos Publishing House},
	Title = {Multidisciplinary Applications of Sonification in the Field of ``Exercise, Play and Sport''},
	Url = {http://sonification.de/handbook/chapters/chapter21/},
	Year = {2011}}

@incollection{HuntPauletto2011-UOS,
	Address = {Berlin, Germany},
	Author = {Andy Hunt and Sandra Pauletto},
	Booktitle = {The Sonification Handbook},
	Chapter = {21.2},
	Editor = {Thomas Hermann and Andy Hunt and John G. Neuhoff},
	Isbn = {978-3-8325-2819-5},
	Keywords = {User Interfaces; Sound Computing; Human Computer Interaction; Auditory Display; Sonification},
	Note = {H{\"o}ner, O. (chapter ed.), references on pp 551-553},
	Pages = {528--531},
	Publisher = {Logos Publishing House},
	Title = {Use of Sound for Physiotherapy Analysis and Feedback},
	Url = {http://sonification.de/handbook/chapters/chapter21/},
	Year = {2011}}

@incollection{Roeber2011-IWS,
	Address = {Berlin, Germany},
	Author = {Niklas R{\"o}ber},
	Booktitle = {The Sonification Handbook},
	Chapter = {21.3},
	Editor = {Thomas Hermann and Andy Hunt and John G. Neuhoff},
	Isbn = {978-3-8325-2819-5},
	Keywords = {User Interfaces; Sound Computing; Human Computer Interaction; Auditory Display; Sonification},
	Note = {H{\"o}ner, O. (chapter ed.), references on pp 551-553},
	Pages = {532--537},
	Publisher = {Logos Publishing House},
	Title = {Interaction with Sound in auditory computer games},
	Url = {http://sonification.de/handbook/chapters/chapter21/},
	Year = {2011}}

@incollection{HoenerHermann2011-SBS,
	Address = {Berlin, Germany},
	Author = {Oliver H{\"o}ner and Thomas Hermann},
	Booktitle = {The Sonification Handbook},
	Chapter = {21.4},
	Editor = {Thomas Hermann and Andy Hunt and John G. Neuhoff},
	Isbn = {978-3-8325-2819-5},
	Keywords = {User Interfaces; Sound Computing; Human Computer Interaction; Auditory Display; Sonification},
	Note = {H{\"o}ner, O. (chapter ed.), references on pp 551-553},
	Pages = {538--546},
	Publisher = {Logos Publishing House},
	Title = {Sonification-based Sport games and Performance Tests in Adapted Physical Activity},
	Url = {http://sonification.de/handbook/chapters/chapter21/},
	Year = {2011}}

@incollection{Effenberg2011-EMC,
	Address = {Berlin, Germany},
	Author = {Alfred O. Effenberg},
	Booktitle = {The Sonification Handbook},
	Chapter = {21.5},
	Editor = {Thomas Hermann and Andy Hunt and John G. Neuhoff},
	Isbn = {978-3-8325-2819-5},
	Keywords = {User Interfaces; Sound Computing; Human Computer Interaction; Auditory Display; Sonification},
	Note = {H{\"o}ner, O. (chapter ed.), references on pp 551-553},
	Pages = {547--550},
	Publisher = {Logos Publishing House},
	Title = {Enhancing Motor Control and Learning by Additional Movement Sonification},
	Url = {http://sonification.de/handbook/chapters/chapter21/},
	Year = {2011}}
	